1990 3386
268 241 346 288 pene
358 242 467 276 omnia
487 255 529 276 ex
555 243 749 277 Graecorum
770 237 919 274 thesauro
940 252 1028 276 eruta
1044 240 1063 287 ij

268 302 396 324 mecum
408 288 460 323 assi
467 288 693 335 veraebiint-‚qui
707 298 825 322 norunt
836 301 958 334 magna?
969 291 1064 324 Gur-

266 340 322 372 ciae
344 339 474 372 nomine
493 334 610 384 priscos
634 333 780 371 Ausones
804 348 839 369 ac
864 338 996 370 Latinos
1007 337 1064 373 effi.-

262 388 434 420 vucitatos.
459 384 585 421 Oculus
605 385 713 433 itaque
729 396 795 418 non
806 383 896 432 quoti
908 383 1062 430 ociularur,

263 434 296 468 id
318 433 373 477 est,
396 432 597 475 occultetur,
618 434 662 466 ita
688 443 887 478 nuncupatus
908 431 981 473 fuit3
999 432 1062 468 hoc

260 483 349 515 enim
363 481 431 526 alijs
461 483 605 528 corporis
617 479 714 515 nostri
735 482 878 526 partibus
892 484 1059 528 competit,

262 533 295 563 &
323 532 424 576 magis
457 528 598 576 proprie:
621 540 652 563 at
677 526 847 563 verisimile
866 528 920 572 est,
943 529 1059 576 priscos

258 580 428 612 nominum
451 577 645 624 legissatores
665 590 733 611 rem
759 575 937 624 quamlibet
960 579 999 611 ab
1019 591 1058 613 eo

255 624 482 669 denominasse,
526 625 591 660 uod
612 624 751 659 maxime
776 624 1058 661 videbantconve-

256 674 334 708 nire.
369 677 439 709 Iam
451 687 529 710 vero
541 674 620 723 quid
631 675 663 707 in
675 672 772 708 oculo
783 674 930 708 motione
940 679 970 708 ἃ
984 688 1058 709 ver-

256 718 378 756 satione
387 723 431 757 est
442 722 494 758 vel
506 720 712 764 manifestius,
726 719 777 755 vel
787 719 1056 769 fi·equentiu5‚vel

254 771 355 816 magis
364 770 644 818 propriuinZErgo
659 768 786 806 Oculus
806 780 950 814 vocatus,
963 772 1053 819 quod

251 817 429 863 occulatur,
444 820 476 854 id
488 820 726 863 cst‚obvolvatur‚
744 815 795 851 seu
808 820 1056 862 circtmzvolvatur5

251 863 315 899 hoc
337 869 423 902 enim
445 867 508 902 fuit
529 869 670 916 primum
689 878 724 900 ac
747 867 936 912 primarium
959 868 1052 903 verbi

249 913 337 948 istius
358 913 584 963 significatum,
606 927 640 950 ut
659 913 768 949 thema
789 914 920 949 indicat:
934 921 965 950 ὅ(
978 919 1054 965 quia

249 973 290 995 cx
302 962 521 1000 obvolutione
532 962 674 1013 sequitur
684 963 727 997 rei
738 962 837 996 testie
852 960 903 996 seu
916 963 1052 1000 abscon-

250 1007 308 1054 sio,
331 1012 370 1046 ad
392 1012 472 1047 hanc
493 1014 590 1047 etiam
617 1009 835 1047 denotandam
856 1010 989 1047 demum
1009 1013 1053 1049 est

247 1058 445 1096 transsatum:
468 1061 502 1096 id
521 1061 612 1109 quod
634 1059 737 1108 postea
752 1071 807 1106 per
821 1057 1048 1107 usustyranni-

244 1104 321 1140 dem
345 1107 449 1144 solum
471 1108 630 1153 remansit,
650 1107 752 1143 altero
762 1106 951 1155 proscripto.
966 1112 1046 1144 Haec

244 1153 285 1188 de
295 1158 409 1191 Latina
421 1158 576 1192 diditione.

300 1204 513 1241 Transeamus
525 1204 627 1240 modo
639 1202 678 1238 ad
688 1205 819 1238 Graecas
826 1202 966 1250 ejusdem
975 1219 1049 1254 par-

242 1251 284 1285 tis
307 1252 601 1288 denominationes:
626 1253 744 1300 quibus
766 1251 835 1286 sane
851 1251 1001 1289 luxuriat
1012 1269 1048 1289 ea

240 1295 371 1346 lingua,
405 1315 478 1336 nam
510 1300 629 1349 legitur
648 1299 817 1344 ὀφθαλμὸς,
837 1305 934 1344 ὄμμα,
957 1302 1046 1346 ἅψις,

240 1345 378 1393 ὀπἾὶλθι,
402 1348 574 1393 ὄπἻοιαλός,
595 1346 718 1390 amni,
742 1347 804 1389 ὢψε
819 1361 960 1396 quorum
972 1361 1046 1397 ety-

240 1394 421 1443 mologiam
445 1399 540 1431 nimis
572 1394 707 1442 operose
736 1394 831 1430 multi
857 1397 889 1429 in
914 1394 1045 1433 latebris

239 1443 425 1489 quaefivere,
437 1444 513 1479 cum
522 1445 664 1480 radicem
685 1441 823 1478 habeant
832 1445 971 1479 maxime
983 1445 1046 1480 ob—

238 1491 326 1526 viam
349 1491 492 1535 ὄπἹομαι.
518 1497 635 1542 Itaque
653 1502 793 1538 nugatur
819 1492 1045 1540 Aristophanis

235 1537 515 1584 Scholiastes‚cum
525 1540 609 1577 ὀπὰς
619 1552 781 1587 exponens
791 1538 1043 1587 rfdiyhoessaddit,

236 1583 312 1620 hinc
336 1587 450 1623 oculos
484 1588 636 1637 appellari
673 1588 771 1631 ὦπας,
792 1590 867 1636 quia
888 1590 1042 1626 nimirum

231 1630 304 1669 sunt
321 1637 507 1681 ἀνοίγματα.
530 1636 630 1686 Qss
650 1635 743 1672 vero!
776 1636 913 1671 Diuorum
933 1649 1042 1675 autem

235 1682 373 1729 verbum
393 1684 593 1720 manifestam
614 1683 709 1720 nobis
731 1684 884 1732 indigitat
904 1685 972 1731 ejus
983 1687 1043 1722 de-

232 1731 442 1768 rivationem:
457 1732 495 1768 fit
506 1735 592 1769 enim
603 1733 654 1775 434
663 1747 703 1768 ex
725 1732 812 1773 ὦψαι
824 1732 960 1768 secunda
967 1746 1041 1782 per-

235 1776 311 1814 sona
334 1781 445 1828 passivi
480 1783 646 1830 praeteriti.
674 1785 721 1817 Vt
741 1780 805 1817 hoc
823 1794 897 1817 eum
915 1795 1040 1830 arguat,

234 1829 292 1874 qui
303 1830 336 1862 in
345 1827 399 1863 sua
409 1828 492 1865 clavi
506 1830 685 1866 diCtionem
706 1829 788 1865 hanc
806 1832 940 1865 incautae
953 1835 1039 1868 aetati

229 1885 290 1922 pro
299 1879 501 1925 primogenia
522 1878 683 1914 obtrudit.
711 1876 892 1927 Usurpabat
904 1883 937 1914 &
949 1878 1039 1917 hasce

231 1935 329 1958 voces
355 1927 484 1961 Graecia
501 1930 602 1969 ἅσσοςς
648 1927 716 1962 uod
740 1926 1038 1963 nomenverosimi-

229 1968 304 2005 liter
314 1985 352 2008 ex
365 1973 468 2008 verbo
479 1977 611 2017 ἔσσομαι
624 1940 746 2010 {laetum
760 1973 932 2020 :ensemu5‚
945 1978 1037 2025 quod

229 2021 323 2053 videre
341 2031 438 2070 atque
457 2021 580 2068 aspicere
599 2020 766 2069 significat.
784 2024 888 2070 Cujus
910 2023 1036 2062 verbifi

229 2066 366 2104 ulterior
376 2080 537 2118 quaeratur
547 2069 714 2115 deduffio,
740 2070 828 2106 nulla
840 2071 971 2107 videtur
981 2086 1038 2121 ap-

228 2117 306 2159 tior,
327 2119 427 2165 quam
448 2128 483 2152 ut
509 2130 578 2152 vox
599 2119 702 2153 affiva
723 2122 803 2152 ἔσο-ω
821 2133 861 2155 ex
885 2118 968 2153 6225]ae
980 2134 1037 2168 per

228 2163 390 2200 AEolicam
401 2167 617 2201 mutationem
640 2165 714 2202 fieta
736 2166 874 2211 dicatur,
894 2165 972 2202 sicut
983 2173 1034 2204 ni-

228 2214 348 2247 mirum
370 2216 476 2247 πέσσω
493 2227 533 2249 ex
547 2213 650 2248 πέπἿω
674 2226 785 2250 ortum
806 2214 863 2250 effe
882 2214 1031 2253 traditur.

227 2261 313 2304 φᾴος,
326 2261 416 2311 quod
437 2261 568 2310 proprie
589 2260 699 2297 lumen
713 2262 769 2306 est,
794 2268 825 2298 &
839 2264 962 2298 Latinis
974 2276 1034 2311 pro

226 2307 327 2344 oculo
350 2308 513 2354 usitatum,
537 2309 872 2346 derivat,Eustathius
893 2311 910 2346 ὲ
931 2312 1034 2349 verbo

230 2357 308 2399 φάωε
323 2369 354 2392 at
366 2371 428 2406 ego
440 2368 551 2392 contra
562 2357 629 2402 φάω
639 2358 766 2395 deduco
777 2361 794 2395 ὲ
806 2363 892 2404 φάος,
906 2371 962 2393 nec
970 2360 1033 2396 du-

227 2403 310 2448 bito,
323 2409 402 2453 quin
413 2406 488 2441 inde
497 2407 658 2454 originem
667 2407 792 2442 habeat.
798 2407 918 2455 δέργμα
930 2419 1008 2456 atqu
1016 2423 1033 2444 e

225 2453 324 2487 etiam
334 2453 466 2501 ἓεργμὸς
475 2465 586 2490 ortum
596 2452 690 2490 suum
711 2456 805 2503 ὃέςκω
815 2455 923 2499 debet,
938 2457 1029 2505 quod

225 2499 315 2534 idem
335 2501 391 2545 est,
409 2515 444 2536 ac
462 2503 550 2537 video.
588 2505 740 2554 Denique
751 2502 852 2542 ἴλλθν.
879 2506 955 2538 Hoc
964 2507 1033 2552 pri-

225 2549 381 2584 mitivum
393 2549 474 2584 mihi
486 2549 684 2587 vocabulum
704 2552 760 2587 est:
778 2551 868 2599 quod
878 2551 1031 2589 illiterate

225 2595 407 2645 quidamab
429 2600 514 2631 ἐιλέω
533 2598 741 2649 detorquent.
767 2600 800 2633 Si
817 2610 924 2635 tamen
945 2600 1032 2637 idem

225 2643 382 2693 quispiam
393 2643 433 2678 ab
452 2644 527 2678 ἴλλω
545 2645 729 2684 ducendum
749 2648 806 2684 esse
828 2650 1031 2685 contentiose

224 2691 409 2736 cavilletur,
418 2706 484 2727 non
492 2691 549 2739 ipsi
557 2693 657 2741 posset
683 2698 701 2731 a
715 2711 767 2732 me
777 2695 1032 2734 irrefutabilibus

223 2740 405 2777 rationibus
425 2739 582 2777 satisfieri.
613 2745 725 2792 Atque
751 2745 900 2780 haetenus
911 2744 952 2780 de
967 2745 1031 2781 lin-

223 2792 296 2837 guis
312 2787 492 2826 catholicis.
521 2792 576 2824 An
587 2793 617 2824 &
631 2791 664 2824 in
675 2792 865 2828 nostratibus
877 2791 1029 2830 similium

223 2836 538 2886 contemplationum
548 2836 678 2873 lenitate
686 2835 878 2875 severiorem
889 2841 1029 2879 nostram

221 2885 409 2934 sapientiam
445 2883 614 2921 emolliam
641 2890 651 2922 ἐ
698 2887 929 2936 Exspatiemur
948 2903 1028 2938 por-

250 2936 260 2948 Χ

225 2948 278 2971 ro.

273 2981 400 3020 Oculos
409 2981 516 3019 Beloae
527 2990 646 3017 vocant
656 2981 804 3029 flflssijm:
843 2984 875 3017 ui
886 2983 951 3030 ejus
962 2985 1026 3022 lin-

222 3044 294 3078 guae
314 3030 445 3066 studiosi
461 3009 545 3074 ffint,
563 3031 608 3064 ita
629 3029 733 3064 didos
754 2996 877 3066 censgnt
886 3032 926 3066 ab
939 3034 1028 3080 hug<

223 3079 329 3127 gnon,
337 3079 372 3117 id
380 3079 423 3117 est
434 3082 505 3116 altr.
513 3075 657 3117 nonsane
685 3076 739 3114 vel
748 3077 802 3115 abs
815 3092 848 3114 re
860 3079 913 3117 vel
921 3083 1024 3117 ratio-

253 192 284 207 ⁴⁴
535 176 1592 215 VOP.FORTVNATIPLEMPII

1123 249 1172 276 ne;
1193 236 1354 273 debebant
1378 241 1464 274 enim
1484 237 1571 274 oculi
1593 249 1761 287 tamquam
1782 228 1922 287 specula<a

1123 294 1209 320 tores
1239 287 1488 321 eminentiorem
1507 286 1616 322 locum
1648 299 1814 334 occupare.
1855 292 1923 325 Vess

1123 329 1197 367 rum
1230 335 1509 382 quemadmodum
1551 337 1702 370 Latinum
1729 335 1852 370 idioma
1881 351 1922 375 ex

1122 382 1242 415 Graeco
1252 394 1351 428 genus
1360 381 1450 418 suum
1459 383 1573 418 ducere
1595 381 1683 430 supra
1697 383 1923 431 statuebamu53

1121 429 1164 461 ita
1177 430 1312 464 omnino
1341 429 1507 478 Belgicum
1529 429 1646 466 natales
1666 429 1736 466 suos
1757 431 1922 470 Hebraico

1121 475 1308 512 debereluc
1330 477 1501 514 afferimus:
1526 479 1617 528 quod
1637 491 1711 514 cum
1721 479 1921 518 admirabilis

1119 523 1320 561 Schricckius
1350 529 1523 562 innumeris
1554 529 1750 574 argumentis
1767 531 1921 566 convice-

1118 574 1172 616 rit,
1189 587 1253 608 non
1262 586 1334 621 eget
1355 576 1424 610 mea
1450 576 1653 623 probatione3
1676 588 1732 610 nec
1744 576 1824 612 vero
1834 581 1920 625 pati-

1116 630 1169 655 tur
1182 623 1279 656 etiam
1300 622 1462 659 locus.lta
1489 638 1527 659 ue
1546 624 1918 672 praedietamdiffionem

1114 668 1155 703 ab
1165 670 1311 705 Hebraeis
1332 671 1440 719 Belgae
1474 683 1530 707 unt
1553 673 1702 714 mutuati,
1714 674 1769 720 qui
1789 673 1918 721 oculos,

1115 729 1237 752 vocant
1251 725 1340 764 Ogm:
1362 721 1405 755 ita
1428 720 1529 756 efferri
1549 720 1665 756 debere
1685 720 1757 754 vult
1768 721 1916 758 Schriec-
1965 723 1976 728 ⁸

1113 763 1197 810 kius,
1218 780 1284 801 non
1303 769 1403 818 Ghayn
1425 768 1478 804 vel
1499 776 1592 819 Hayn,
1612 771 1658 803 uti
1675 767 1789 816 vulgo.
1825 777 1916 821 Q-

1109 825 1241 862 propter
1264 818 1429 853 immerito
1454 817 1599 853 Andreas
1618 819 1808 852 Laurentius
1827 820 1844 855 ὲ
1857 823 1916 856 Bi·-

1110 866 1215 910 turige
1227 862 1287 898 illo
1298 863 1490 913 flagellatur,
1501 865 1626 900 incaute
1651 878 1746 914 atque
1758 867 1913 914 ignoran-

1110 920 1158 944 ter
1185 910 1365 957 insultante,
1384 915 1518 961 unqijen
1539 913 1631 948 nullo
1650 913 1753 949 modo
1774 914 1831 950 effe
1841 917 1913 952 He-

1111 956 1242 995 braeum.
1276 968 1485 1010 quuam
1515 973 1622 998 tamen
1642 967 1673 996 &
1697 966 1908 1002 Laurentium

1108 1006 1210 1053 ipsum
1233 1022 1344 1056 putem
1368 1009 1420 1044 vel
1440 1012 1698 1046 circumventum
1730 1009 1831 1056 fuisse,
1854 1013 1909 1050 vel

1107 1053 1217 1090 inscite
1229 1060 1399 1092 veritatem
1410 1056 1553 1105 attigisse,
1579 1070 1691 1106 utpote
1702 1061 1757 1107 qui
1770 1073 1827 1095 nec
1837 1063 1909 1097 He-

1107 1100 1220 1139 braicae
1243 1119 1300 1141 nec
1325 1105 1464 1154 Belgica:
1489 1104 1607 1154 linguae
1631 1106 1907 1156 habueritcogni-

1104 1160 1239 1189 tionem.

1152 1207 1211 1250 Ayn
1223 1201 1363 1238 Arabica
1374 1214 1444 1238 vox
1458 1202 1502 1236 est
1522 1204 1735 1251 primogenia,
1748 1202 1907 1241 denotans

1103 1249 1258 1294 primario
1291 1249 1436 1287 oculum:
1475 1264 1543 1286 non
1569 1253 1666 1286 etiam
1696 1250 1845 1297 fontem,
1868 1265 1906 1289 ut

1102 1295 1260 1346 plerique:
1284 1298 1368 1333 hunc
1389 1301 1475 1334 enim
1495 1297 1679 1334 secundario
1699 1305 1731 1334 &
1751 1299 1838 1349 quasi
1848 1315 1906 1349 per

1101 1345 1340 1382 transsationem
1364 1345 1541 1396 significat,
1565 1361 1600 1382 ac
1620 1346 1641 1381 si
1661 1347 1747 1383 dicas
1768 1347 1904 1386 oculum

1101 1400 1206 1429 terrae:
1222 1408 1295 1430 nam
1305 1394 1395 1431 sicuti
1403 1411 1446 1433 ex
1459 1395 1519 1431 illo
1533 1395 1717 1442 lachlymae,
1729 1399 1774 1431 ita
1783 1410 1825 1431 ex
1839 1396 1904 1433 hoc

1100 1451 1229 1478 manant
1241 1457 1342 1493 aquae.r

1149 1491 1328 1527 Germania
1365 1491 1507 1541 superior
1533 1490 1730 1540 propositam
1759 1496 1903 1540 particu-

1098 1532 1163 1571 lam
1182 1539 1318 1586 appellat
1336 1550 1421 1588 aug.
1446 1539 1589 1575 forte-an
1610 1542 1628 1576 a
1648 1542 1764 1576 Graeca
1786 1546 1902 1578 matri-

1097 1595 1133 1617 ce
1154 1586 1244 1631 αὒγὴ,
1264 1589 1299 1624 id
1318 1589 1362 1624 est
1380 1588 1540 1637 splendor,
1562 1588 1686 1625 lumen}
1722 1592 1904 1638 Repugna-

1098 1629 1146 1666 bit
1175 1637 1326 1673 acerrime
1346 1641 1488 1673 Becanus
1501 1663 1512 1682 ,
1534 1638 1652 1686 quippe
1680 1638 1737 1685 qui
1759 1640 1903 1675 Germa-

1095 1681 1201 1717 nicam
1211 1682 1357 1732 linguam
1370 1685 1477 1721 multo
1498 1687 1615 1721 Graeca
1625 1687 1769 1734 priorem
1781 1688 1902 1735 imagi-

1094 1739 1209 1766 natur:
1234 1733 1382 1783 adeoque
1413 1732 1523 1783 potius
1556 1736 1669 1769 contra
1700 1732 1822 1770 fadum
1840 1735 1901 1772 esse

1095 1774 1288 1827 blaterabit,
1318 1795 1431 1830 nempe
1453 1782 1470 1817 ὲ
1491 1783 1669 1818 Germania
1696 1783 1730 1816 in
1769 1786 1898 1820 Graeci—

1093 1837 1145 1860 am
1164 1826 1436 1879 issamrirrepfiffe,
1459 1834 1533 1866 Nos
1553 1832 1690 1877 :enigma
1715 1829 1779 1865 hoc
1798 1829 1898 1869 saecu-

1092 1870 1115 1907 li
1126 1875 1225 1912 nostri
1239 1879 1375 1927 Oedipis
1386 1877 1579 1915 solvendum
1595 1877 1820 1960 relinquimus;
1838 1893 1898 1917 ne—

1091 1933 1156 1970 que
1178 1926 1266 1962 enim
1287 1928 1341 1964 vel
1361 1940 1424 1975 ego
1434 1940 1546 1963 moror
1566 1926 1626 1972 id‚
1645 1940 1685 1962 ve
1719 1924 1821 1974 ipsum
1842 1942 1896 1966 me

1091 1982 1249 2019 moratur,
1271 1978 1304 2012 in
1323 1990 1390 2027 quo
1409 1975 1585 2020 divinatio5
1605 1976 1703 2026 quam
1722 1975 1896 2024 judicium,

1088 2021 1262 2066 potiorest.

1138 2069 1306 2107 Caetcrum
1337 2071 1428 2119 quod
1455 2069 1616 2107 Italorum
1645 2071 1755 2116 οιΙὴο,
1777 2070 1895 2120 Hispa-

1089 2127 1207 2152 norum
1227 2122 1292 2164 Oio,
1311 2118 1488 2155 Gallorum
1517 2124 1597 2165 Oeil,
1610 2133 1652 2155 ex
1687 2123 1807 2155 Latino
1833 2120 1894 2157 sint

1088 2162 1142 2196 vel
1152 2164 1295 2202 detraeha
1313 2166 1367 2201 vel
1383 2168 1568 2216 depravata,
1588 2179 1704 2203 notum
1723 2168 1768 2203 est
1793 2170 1891 2206 etiam

1087 2213 1249 2249 tunicatis.
1288 2219 1401 2263 Atque
1421 2215 1527 2250 isthaec
1545 2215 1629 2259 sunt,
1655 2229 1726 2264 quae
1738 2217 1779 2252 de
1789 2219 1891 2252 ratio-

1087 2269 1126 2292 ne
1136 2263 1306 2297 nominum
1326 2264 1524 2298 metationis
1545 2264 1658 2299 nostrae
1676 2263 1840 2309 objeecum
1851 2264 1891 2301 fi-

1086 2306 1310 2352 gnificantium
1332 2310 1439 2347 dicere
1459 2311 1619 2346 habebam
1640 2313 1674 2346 in
1702 2313 1741 2358 ijs
1757 2311 1890 2360 linguis,

1086 2367 1224 2402 quarum
1245 2369 1376 2394 tenuem
1408 2361 1560 2395 notitiam
1588 2359 1657 2396 sum
1688 2359 1887 2400 consecutus.

1086 2403 1191 2447 Quod
1203 2404 1224 2441 fi
1235 2409 1292 2456 qui
1306 2419 1422 2455 negent
1433 2408 1607 2456 prudenter
1615 2410 1632 2443 a
1647 2421 1698 2443 me
1708 2407 1840 2453 fletum,
1853 2421 1890 2446 ut

1084 2449 1135 2486 his
1156 2452 1330 2491 vilioribus
1363 2459 1469 2503 operis
1496 2455 1655 2504 sapientiae
1675 2455 1816 2493 studium
1837 2459 1889 2492 in-

1085 2503 1274 2548 terciperem
1288 2529 1298 2547 ‚
1321 2502 1385 2539 illis
1409 2518 1472 2552 ego
1492 2503 1662 2540 Platonem
1681 2503 1812 2553 objefito
1835 2507 1889 2540 vi·-

1083 2560 1157 2584 rum
1181 2551 1429 2599 amplissimum,
1452 2553 1521 2588 imo
1537 2554 1708 2593 divinum
1726 2554 1744 2588 εὶ
1790 2567 1835 2589 uo
1853 2555 1889 2590 in

1083 2594 1148 2632 hoc
1168 2611 1283 2646 genere
1301 2599 1483 2636 litterarum
1512 2601 1616 2636 multa
1634 2567 1889 2638 summotiludio

1083 2641 1155 2680 sunt
1176 2646 1364 2694 elaborata,
1388 2647 1463 2684 cum
1484 2649 1631 2698 plurimis
1650 2647 1719 2693 alijs
1738 2649 1771 2683 in
1792 2647 1888 2695 locis,

1083 2702 1153 2728 tum
1174 2694 1242 2743 ipso
1263 2700 1295 2731 in
1318 2696 1459 2745 Cratylo
1486 2709 1572 2734 toto·
1609 2701 1699 2733 Cum
1710 2694 1773 2731 hoc
1786 2698 1888 2745 igitur

1081 2742 1169 2777 malo
1188 2755 1251 2790 ego
1271 2744 1411 2780 trivialia
1429 2745 1568 2781 studiose
1607 2757 1766 2789 accurare,
1785 2748 1887 2795 quam

1080 2788 1228 2826 cumillis
1241 2790 1427 2837 severiores,
1475 2807 1528 2829 uas
1555 2803 1686 2836 vocant,
1696 2789 1888 2841 superiores:

1079 2836 1142 2885 que
1152 2836 1295 2876 scientias
1305 2840 1482 2879 laxiuscule
1501 2842 1702 2892 pertrafflzare·

1690 3034 1694 3038 ·
1717 3030 1884 3083 cAPvr
