1990 3386
221 223 469 273 perientiffiinus
496 221 753 272 Aquapendcns,
775 229 811 253 ut
835 228 956 251 natura:
981 217 1060 251 atri-

225 271 332 309 ensem
344 286 419 308 cum
432 271 520 307 fuisse
543 283 640 320 queas
652 269 789 316 opinari.
819 271 936 348 Itaque
948 265 986 300 ad
1008 264 1064 300 illa

229 320 287 357 nisi
307 319 458 356 assensum
479 319 584 355 habeo
598 344 608 362 ‚
630 317 782 365 praetcrea
816 314 884 349 nihi
901 342 910 350 .

274 375 434 418 Qrunt
447 368 511 403 hoc
533 367 622 411 loco,
634 372 694 400 Cur
716 377 770 399 uno
791 374 866 398 moto
889 364 965 397 oculo
988 363 1063 396 alter

221 417 309 463 fimul
331 419 367 451 ad
387 418 511 451 eamdem
523 420 641 461 partem
656 415 819 449 moveatur?
840 418 918 460 Qa
926 410 1063 445 stioncm

228 465 319 501 illam
335 464 422 500 libro
435 475 553 513 quarto
565 462 761 511 agitabimus
786 474 854 495 non
875 456 1063 507 persuiifto-

230 514 289 558 rie,
325 517 356 548 &
386 526 485 561 quam
520 513 714 561 poterimus,
742 507 867 544 causam
897 507 1061 543 dabimus:

231 575 317 596 nunc
329 560 428 596 finem
439 563 549 596 eventi
568 559 636 605 ejus
657 570 753 607 atque
775 552 868 592 usum
888 556 1062 602 investige—

230 623 313 645 mus.
333 608 500 644 Naturalis
513 608 674 657 sapientiae
688 604 880 643 Professores
891 605 924 639 id
936 607 979 639 ita
991 602 1062 637 fieri

230 659 425 692 unanimiter
437 658 602 702 dicunr,ut
613 656 735 690 directa
747 657 779 688 in
792 666 896 688 unum
909 650 1062 700 idemque

228 707 389 754 pun&um
400 706 574 741 amborum
586 704 750 739 luminum
763 704 842 746 acie,
865 701 954 736 idem
968 700 1063 747 oble-

230 756 321 789 &um
331 756 364 788 in
375 766 551 803 utrumque
562 751 697 789 oculum
721 765 788 786 uno
808 761 955 797 ternpore
966 746 1061 784 simili

230 803 398 839 radiorum
425 802 601 837 inflexione
626 799 897 848 sphingi-edicitur,
920 810 989 847 quo
999 810 1061 832 una

231 845 379 886 eliciatur
388 850 538 886 distincta
550 849 633 885 visio
654 861 751 898 atque
772 857 918 882 accurata
939 847 1062 893 digno-

230 901 290 935 tio.
312 902 447 935 Etenim
468 898 490 934 si
503 902 536 934 in
555 896 720 934 diversum
739 898 895 945 punctum
917 893 1063 942 fingulo-

230 961 305 983 rum
318 947 493 983 oculorum
515 946 669 983 collineet
688 947 770 981 acies
780 971 791 991 ,
815 943 933 993 peribit
954 946 1061 978 omnis

231 1009 342 1032 rerum
362 995 627 1044 adspestabilium
639 993 732 1030 usura
749 1009 757 1029 :
781 1007 856 1028 nam
866 1005 933 1026 non
954 990 1061 1028 solum

231 1047 405 1093 geminatae
417 1043 488 1094 ipsae
500 1044 697 1093 apparebunt
706 1069 718 1088 ‚
732 1040 851 1078 verum
860 1042 958 1076 etiam
971 1039 1062 1075 velut

233 1094 392 1129 informes
411 1093 524 1129 formae
547 1094 762 1141 percipientur
773 1089 965 1125 indistinete.
989 1089 1029 1124 id
1042 1091 1061 1126 ὲ

232 1141 346 1177 strabis
361 1141 482 1177 discere
492 1141 567 1177 licet
581 1166 592 1187 ‚
617 1143 652 1175 in
664 1139 784 1189 quibus
800 1137 852 1174 vel
863 1135 997 1185 paralysi
1008 1136 1062 1173 vel

234 1189 448 1225 convulsione
470 1189 559 1225 oculi
579 1193 597 1226 ὲ
618 1200 732 1224 mutua
743 1187 798 1222 illa
816 1185 968 1221 societate
990 1185 1062 1221 sunt

234 1238 366 1275 divulsi.
399 1244 508 1286 Qre
528 1238 605 1273 cum
623 1236 714 1285 plane
729 1235 853 1271 inutilis
875 1233 912 1270 sit
922 1233 1063 1281 ejusmo-

234 1287 269 1322 di
281 1287 457 1322 oculorum
473 1286 664 1322 constitutio
674 1311 686 1330 ‚
701 1287 764 1335 qua
775 1283 857 1319 nihil
869 1282 990 1331 uspiam
1003 1297 1063 1318 ve-

233 1336 268 1370 re
281 1347 378 1385 atque
397 1333 538 1383 perfecte
560 1333 691 1384 spe&ari
710 1333 834 1382 potest:
857 1345 924 1367 nori
941 1333 1063 1367 mirum

234 1384 304 1427 est,
319 1387 462 1419 innatam
480 1382 726 1433 propensionem
745 1381 841 1417 orbes
860 1379 933 1416 suos
943 1381 1064 1428 pariter

233 1431 393 1482 simulque
411 1434 569 1469 movendi
589 1430 703 1466 fovere
714 1441 984 1479 unumquemque
995 1452 1007 1471 ,
1028 1432 1062 1463 &

234 1479 399 1531 frequenti
407 1482 640 1516 exercitatione
654 1481 699 1514 ita
710 1476 897 1514 assuefacere
908 1504 918 1523 ,
930 1488 965 1511 ut
975 1475 1064 1512 seor-

236 1528 308 1572 sum
318 1542 452 1565 movere
466 1543 532 1564 non
553 1528 660 1578 possit.
684 1525 983 1562 Verumenimvero
996 1539 1064 1561 non

236 1577 420 1614 exsaturant
431 1577 499 1612 liaec
515 1574 755 1624 Philosophum
767 1578 912 1611 animum
923 1600 934 1619 ‚
945 1578 1065 1623 quippe

262 1639 311 1661 uae
322 1626 470 1662 nondum
479 1625 617 1662 doceant
629 1650 641 1669 ‚
664 1636 721 1659 cui·
745 1626 780 1659 in
791 1621 917 1659 diversa
937 1623 1066 1670 objecta

237 1640 369 1710 direstae
394 1676 476 1709 acies
497 1688 564 1710 non
574 1673 690 1723 possint
701 1670 825 1720 singula
833 1672 980 1707 distincte
992 1685 1067 1721 per-

238 1722 367 1765 sentire3
377 1721 429 1758 seu
443 1727 498 1766 (ut
508 1722 652 1771 ipsorum
665 1732 737 1756 utar
746 1720 910 1764 formula)
920 1734 976 1757 cur
986 1733 1066 1757 axes

240 1775 386 1820 opticiin
401 1784 503 1806 unum
513 1772 635 1819 semper
656 1770 811 1819 idemque
832 1772 988 1818 punctum
1008 1770 1067 1805 de-

240 1819 339 1856 beant
362 1818 553 1867 conspirare.
578 1818 721 1855 Videtur
746 1822 835 1855 enim
856 1829 932 1855 non·
942 1818 1000 1856 esse
1010 1831 1068 1854 ne-

241 1868 407 1904 cessarium
421 1883 430 1903 ι
445 1882 520 1903 nam
531 1866 607 1904 cum
619 1866 741 1916 duplex
761 1866 799 1903 sit
809 1870 955 1917 potentia
967 1866 1069 1904 visiva

244 1919 279 1953 in
291 1916 421 1965 singulis
434 1916 629 1952 animalibus
640 1942 652 1963 ,
662 1929 729 1952 non
742 1914 852 1952 solum
862 1916 1005 1961 realiter,
1014 1915 1069 1953 sed

244 1979 383 2003 numero
394 1965 543 2001 distincita
553 1990 564 2010 ‚
590 1976 728 2014 utraque
738 1977 811 2014 apta
821 1968 884 2001 erit
904 1965 1070 2014 objectum

245 2012 305 2049 sibi
316 2012 449 2061 praesens
461 2012 666 2060 cognoscere.
689 2013 761 2048 Effe
771 2026 879 2050 autem
889 2017 1071 2063 potentiam

247 2062 414 2110 duplicem
434 2060 511 2095 inde
531 2075 565 2096 ar
591 2064 699 2105 uitur,
721 2064 798 2110 quia
821 2076 983 2111 organum
1003 2062 1071 2110 ejus

246 2110 369 2159 duplex
379 2110 435 2154 est,
445 2111 549 2145 retina
561 2075 680 2145 (geilicet
691 2112 798 2145 tunica
809 2109 987 2147 secundum
999 2124 1072 2156 nos,

248 2161 305 2195 vel
317 2157 494 2194 secundum
505 2157 586 2194 alios
597 2158 718 2194 humor
739 2158 940 2206 crystallinus
950 2175 959 2201 3
972 2161 1074 2208 igitur

249 2213 283 2243 ὃ(
294 2206 416 2256 duplex
432 2206 475 2242 est
485 2209 642 2255 potentia.
655 2207 742 2256 Qa
752 2206 917 2242 distinctio
927 2209 1074 2242 numeri-

250 2269 288 2291 ca
297 2256 514 2292 accidentium
535 2257 707 2292 efficaciter
721 2254 879 2303 probatur
897 2269 937 2291 ex
959 2254 1074 2290 distin-

250 2307 358 2341 &ione
386 2302 617 2351 subjectorum.
641 2309 798 2339 Praeterea
806 2316 881 2339 aves
895 2302 1075 2352 plurimum

254 2367 322 2390 nori
333 2353 471 2401 jungunt
483 2366 571 2398 axes,
580 2352 634 2388 sed
644 2366 712 2388 uno
723 2350 823 2388 oculo
834 2352 961 2397 caelum,
971 2351 1076 2388 altero

250 2411 370 2438 terram
387 2413 594 2438 contuentur.
624 2406 697 2438 Cur
710 2401 789 2448 ergo
800 2400 835 2435 id
846 2400 948 2449 ipsum
959 2401 1077 2436 huma-

254 2464 299 2486 rio
309 2449 409 2485 oculo
422 2464 488 2485 non
500 2449 598 2485 fuerit
611 2449 790 2485 concessum
804 2452 815 2485 ζ
830 2450 1018 2485 Dicendum
1031 2464 1039 2484 :
1054 2448 1078 2485 si

255 2499 344 2534 oculi
356 2502 401 2533 ita
409 2498 702 2547 distorquerentur5
711 2510 746 2532 ut
757 2496 959 2545 singulorum
969 2496 1078 2547 pupil-

256 2546 296 2582 lae
308 2545 440 2584 diversis
452 2547 588 2593 objectis
597 2546 718 2583 directe
731 2546 1078 2593 obverterentur,fore,

257 2606 296 2630 ut
308 2598 401 2630 unius
414 2600 444 2629 δι
471 2593 612 2641 ejusdem
637 2597 681 2631 rei
700 2593 816 2644 species
835 2597 869 2629 in
888 2608 958 2630 uno
978 2593 1079 2631 oculo

259 2645 396 2678 retinam
411 2643 570 2688 distin&e‚
581 2648 614 2679 in
624 2643 728 2679 altero
738 2641 871 2678 confuse
881 2645 993 2692 pingat
1005 2658 1013 2678 :
1025 2643 1079 2679 di-

259 2691 370 2727 stimet&
382 2717 393 2735 ‚
415 2704 486 2739 quae
510 2693 594 2727 reeta
618 2691 805 2728 illaberetur
816 2706 826 2734 ;
838 2691 971 2727 confuse
981 2717 993 2736 ,
1006 2705 1078 2742 quae

259 2739 396 2788 oblique
408 2740 578 2776 incideret.
586 2740 681 2775 Vnde
691 2739 999 2790 sequitur,eamdem
1010 2754 1079 2776 rem

259 2790 367 2825 eidem
391 2790 543 2835 potentiae
562 2786 672 2823 visivae
694 2788 788 2825 simul
805 2788 950 2825 distincte
963 2815 975 2834 ,
986 2788 1080 2825 simul

263 2835 398 2874 confuse
410 2834 643 2883 repraesentari3
667 2838 760 2887 quod
780 2840 815 2871 in
835 2835 959 2872 visione
969 2837 1081 2872 turbas

263 2890 339 2923 ciet.
364 2884 463 2927 Quod
473 2881 495 2917 fi
505 2883 703 2920 divellantur
713 2883 801 2920 oculi
812 2884 853 2921 sic
863 2910 876 2928 ‚
890 2896 927 2919 ut
938 2885 1082 2932 ejusdem.

265 2937 312 2972 rei
322 2933 438 2983 species
448 2933 481 2966 in
493 2943 668 2979 utrumque
688 2932 822 2968 oculum
842 2930 978 2982 oblique
998 2936 1082 2968 inci-

266 2985 321 3021 dat
335 2988 351 3026 (
362 2983 394 3017 id
406 2982 493 3016 enim
504 2979 573 3015 fieri
584 2978 682 3027 posset
698 2995 706 3015 z
727 2985 743 3022 )
767 2981 872 3016 adhuc
882 2991 990 3017 tamen
1009 2994 1082 3018 rem

268 3046 336 3068 non
347 3028 531 3078 simpliciter
542 3026 674 3063 confuse
684 3031 932 3076 perciperemu5‚
942 3029 1082 3079 qualiter

269 3094 353 3118 nunc
362 3093 433 3117 eam
443 3079 603 3115 cernimus
613 3074 706 3114 simul
717 3078 816 3113 motis
827 3075 930 3115 oculis
943 3077 1082 3127 &specie

582 155 1278 198 v0P4FORTvNAT1

1343 152 1673 189 PLEMPII

1114 214 1252 265 oblique
1273 216 1401 265 accepta
1413 243 1424 261 ‚
1443 214 1497 252 sed
1522 221 1553 252 ὅ(
1569 214 1703 252 confuse»
1716 219 1748 252 &
1761 214 1955 265 geminategs
1981 205 1990 254 ,Ι

1115 264 1342 313 quiadiversas
1364 268 1473 300 retinae
1493 263 1668 313 superficiei
1690 262 1942 313 partesdivulsss
1984 286 1985 297 2

1115 311 1220 348 oculis
1241 315 1363 362 pictura
1383 325 1541 362 occupat,
1567 316 1683 362 quaein
1703 316 1819 361 jugatis
1833 307 1939 350 oculi}

1116 360 1245 397 obtinet
1270 361 1454 397 uniusmodi
1477 360 1940 412 collocationem3qtialiscol-
1983 362 1985 367 ¹

1118 407 1241 445 locatio
1253 410 1296 445 cst
1308 422 1377 446 tota
1389 413 1472 446 ratio
1484 437 1494 455 ‚
1507 423 1563 444 cur
1575 411 1592 444 a
1606 409 1736 445 duobus
1755 409 1859 446 oculis
1877 423 1940 447 una

1116 469 1165 491 res
1175 457 1394 505 persentimus,
1405 471 1439 493 ut
1451 459 1521 511 post
1533 458 1729 494 videbimus.
1743 462 1789 494 At
1800 459 1938 497 necdum
1986 490 1987 495 ,

1116 503 1158 539 sic
1182 505 1350 542 discuss'um
1370 507 1413 542 est
1437 508 1531 554 hujus
1551 507 1753 542 difficultatis
1776 506 1939 553 nubilum3¹
1986 517 1988 537 ἐ

1117 554 1239 601 possent
1249 558 1336 590 enim
1349 554 1437 590 oculi
1453 554 1569 603 singuli
1583 555 1623 589 ad
1635 569 1672 589 an
1683 555 1770 590 ⁷ulos
1781 567 1937 594 externos

1117 602 1246 648 abduci,
1258 615 1294 638 ut
1308 601 1443 653 quisque
1453 603 1567 640 oculus
1577 570 1779 639 diversbrum
1790 605 1941 641 056ἃο-

1116 661 1194 686 rum·
1209 653 1324 699 specics
1345 655 1506 701 exciperet
1520 668 1527 688 :
1552 652 1634 688 adeo
1656 664 1692 688 ut
1703 678 1714 696 ‚
1731 666 1803 702 quae
1834 656 1938 702 pecies

1119 711 1220 735 unum
1231 701 1365 736 oculum
1378 701 1624 750 ingrederentur
1636 706 1667 737 ὃ(
1680 704 1852 750 pingerent
1864 728 1875 747 ‚
1888 702 1939 738 al-

1116 757 1222 784 terum
1244 763 1309 785 non
1329 750 1449 797 possent
1469 748 1573 785 subire
1584 748 1630 785 ob
1652 761 1764 785 extans
1783 749 1846 786 nasi
1857 752 1939 787 dor-

1115 794 1317 847 sum.ltaque
1327 797 1367 833 sic
1379 797 1512 835 diversae
1520 797 1636 846 species
1647 798 1766 834 (ἰίῑοᾶὲ
1777 801 1810 834 in
1821 813 1938 849 querna

1117 858 1180 893 que
1192 847 1326 881 oculum
1336 848 1511 882 incidentes
1528 874 1538 893 ,
1550 859 1647 896 atque
1660 847 1742 883 adeo
1753 847 1936 886 distinctam

1116 894 1318 930 efformantes
1347 898 1526 944 picturam,
1548 897 1710 931 efficerent
1732 894 1936 935 diversorum

1116 942 1324 989 objectorum
1340 950 1370 979 ὃ(
1383 944 1567 981 diffitorum
1577 946 1801 992 cognitionem
1814 960 1822 979 :
1842 947 1934 994 quod

1116 993 1149 1025 in
1161 991 1275 1027 avibus
1286 991 1356 1028 fieri
1380 1006 1445 1029 non
1465 992 1508 1027 est
1529 991 1671 1028 absimile
1692 1007 1784 1029 vero.
1808 993 1935 1032 Verum

1116 1043 1267 1087 quamvis
1288 1043 1332 1076 ita
1347 1044 1490 1077 invicem
1510 1040 1713 1077 abscederent
1733 1042 1842 1086 oculi,
1865 1056 1935 1080 non

1116 1097 1224 1124 tamen
1234 1088 1304 1125 fore
1315 1092 1461 1139 inquam,
1481 1101 1517 1125 ut
1530 1088 1693 1125 disiunctae
1705 1104 1754 1126 res
1763 1091 1872 1126 exact&
1881 1093 1935 1127 di-

1116 1135 1292 1188 stincteque
1303 1139 1665 1188 comprehenderentur.
1678 1144 1706 1177 U
1714 1142 1784 1175 nica
1793 1142 1880 1176 enim
1891 1142 1936 1178 est

1115 1186 1151 1219 in
1162 1187 1291 1222 animali
1312 1190 1458 1236 potentia
1476 1187 1577 1223 vifiva
1589 1213 1600 1232 ,
1620 1190 1738 1237 quippe
1750 1202 1816 1224 non
1828 1191 1860 1224 in
1870 1190 1933 1225 du-

1116 1233 1255 1282 plicibus
1266 1239 1396 1285 organis
1419 1236 1568 1285 proxime
1579 1261 1591 1280 ,
1611 1235 1707 1272 sedin
1719 1236 1852 1285 simplici
1864 1241 1934 1273 aiii⁶

1117 1296 1170 1318 ma
1181 1283 1272 1320 velut
1289 1285 1434 1332 subjfto
1456 1286 1646 1321 immediato
1666 1287 1805 1321 existens
1822 1302 1830 1322 ε
1847 1286 1897 1322 vel
1910 1286 1934 1323 5

1119 1330 1184 1367 hoc
1195 1333 1256 1367 tibi
1267 1332 1514 1370 controversum
1527 1360 1538 1379 ‚
1548 1335 1660 1369 unicus
1670 1334 1714 1370 est
1724 1333 1826 1370 sensus
1836 1349 1932 1371 corn-

1117 1384 1224 1418 munis
1238 1381 1363 1428 objecta
1373 1385 1526 1431 potentiae
1538 1381 1648 1418 visivae
1659 1383 1806 1419 exhibita
1815 1383 1934 1420 discer-

1118 1443 1195 1465 nens
1221 1435 1252 1465 &
1275 1431 1467 1478 dijudicaris.
1498 1431 1573 1478 Jam
1594 1431 1674 1467 vero
1695 1431 1737 1467 sic
1756 1430 1801 1468 est
1819 1435 1933 1470 natura

1117 1490 1342 1527 comparatum
1351 1505 1362 1524 ,
1384 1490 1420 1515 ut
1431 1478 1566 1528 simplex
1580 1482 1693 1515 animae
1702 1484 1846 1529 potentia
1855 1507 1867 1526 ,
1880 1481 1936 1519 vel

1118 1529 1233 1562 unicus
1254 1526 1356 1564 sensus
1375 1527 1521 1576 pluribus
1543 1527 1637 1564 simul
1658 1530 1750 1579 aeque
1769 1532 1935 1568 attendere

1119 1585 1270 1625 nequeat.
1282 1581 1399 1627 Itaque
1409 1576 1522 1613 frustra
1533 1577 1620 1613 oculi
1630 1580 1663 1612 in
1671 1579 1797 1615 diversa
1806 1579 1937 1626 obieeta

1119 1624 1339 1673 dirigerentur
1348 1652 1359 1671 ‚
1381 1639 1453 1675 quae
1477 1639 1543 1662 non
1562 1626 1661 1675 pofl'et
1683 1627 1776 1664 simul
1786 1629 1937 1665 distinGte

1118 1670 1222 1710 sensus
1232 1674 1438 1722 cognoscere.
1462 1677 1515 1710 Sic
1531 1689 1607 1711 aves
1626 1689 1693 1711 non
1714 1680 1833 1726 opinor
1843 1677 1938 1728 aequ&

1120 1723 1238 1761 caelum
1250 1723 1434 1773 terramque
1446 1727 1594 1761 contueri
1612 1751 1624 1769 ‚
1644 1723 1697 1761 sed
1713 1725 1835 1763 sensum
1844 1741 1939 1764 com-

1121 1786 1253 1809 munem
1263 1772 1355 1808 alteri
1365 1772 1487 1821 semper
1497 1773 1597 1810 oculo
1607 1773 1738 1811 alternis
1748 1776 1874 1813 vicibus
1883 1777 1939 1814 vel

1122 1823 1260 1859 omnino
1270 1821 1324 1859 vel
1334 1823 1477 1857 maxima
1488 1836 1529 1857 ex
1538 1834 1627 1871 parte
1637 1823 1695 1859 esse
1704 1825 1940 1862 intentum.Sa-·

1123 1871 1163 1907 ne
1175 1872 1256 1908 vero
1273 1870 1365 1920 quod
1377 1872 1411 1906 in
1421 1870 1536 1907 avibus
1548 1873 1656 1921 potuit
1665 1898 1678 1917 ‚
1698 1873 1848 1922 potuisset
1859 1877 1939 1912 item

1123 1921 1158 1955 in
1184 1919 1383 1956 terrestribus
1407 1919 1600 1955 animalibus
1621 1922 1746 1957 efficere
1766 1921 1942 1960 architecta

1124 1981 1248 2006 natura.
1273 1973 1354 2005 Non
1364 1967 1466 2004 effecit
1478 1979 1600 2015 autem,-
1609 1971 1685 2019 quia
1695 1983 1761 2006 non
1770 1982 1836 2006 erat
1846 1971 1942 2022 aequ&

1125 2016 1175 2054 his
1184 2030 1282 2067 atque
1293 2017 1358 2053 illis
1367 2016 1458 2053 utile.
1492 2019 1545 2052 Sic
1554 2030 1704 2067 putamus
1713 2032 1845 2055 omnem
1853 2019 1942 2058 seru-⁴

1124 2079 1204 2115 pum
1233 2070 1268 2103 in
1298 2065 1469 2116 propositae
1500 2067 1685 2116 quaestionis
1714 2067 1942 2118 explanatione

1124 2114 1344 2153 offendentem
1358 2115 1488 2163 penitus
1499 2115 1556 2151 effe
1568 2114 1727 2153 evulsumr

1358 2214 1390 2247 C
1413 2214 1446 2246 A
1473 2215 1498 2246 P
1525 2215 1557 2249 U
1578 2215 1612 2249 Τ
1664 2216 1709 2249 V·

1127 2302 1229 2354 ΦΕ..
1251 2308 1368 2375 (fficio
1390 2305 1533 2357 Tunicae
1562 2309 1724 2372 Adizatae.
1773 2304 1870 2359 Non
1892 2313 1946 2377 est

1201 2380 1411 2446 cmzstruffi,
1431 2393 1469 2426 ut
1480 2380 1641 2426 humores
1652 2380 1742 2428 oculi
1755 2384 1947 2442 contineat,

1189 2451 1263 2518 Jed
1271 2463 1309 2496 ut
1321 2451 1457 2497 oculum
1482 2463 1559 2497 tum
1584 2449 1715 2510 qssi'bus
1735 2464 1811 2497 tum
1823 2451 1949 2515 palpe-

1198 2518 1316 2584 pebrbs
1338 2520 1547 2584 conjungat.
1569 2522 1628 2565 An
1645 2518 1724 2585 ipfiz
1744 2520 1832 2566 oculi
1853 2523 1949 2585 νιξο-

1203 2607 1279 2638 rem
1293 2589 1473 2651 impediat.
1513 2586 1700 2655 Curcrcffz
1722 2587 1782 2659 fit.
1807 2593 1862 2638 An
1872 2590 1949 2634 eim

1205 2659 1301 2707 albor
1320 2657 1468 2723 aliquem
1480 2656 1604 2703 habeat
1627 2664 1735 2720 usum.
1758 2656 1855 2705 Non
1873 2657 1951 2703 ideo·

1206 2727 1284 2775 alba
1305 2727 1371 2789 est,
1384 2739 1422 2772 ut
1434 2725 1456 2771 ἂ
1467 2725 1541 2772 luce
1552 2725 1640 2771 Solis
1653 2722 1948 2791 mititisferiatur·

1197 2797 1320 2863 Qre
1339 2813 1407 2841 non
1430 2795 1664 2841 circumvallet
1678 2806 1788 2841 totum
1800 2793 1948 2857 oculumq

1198 2866 1332 2915 Auc‘lor
1352 2864 1434 2913 libri
1452 2864 1497 2912 de
1510 2863 1623 2912 Oculiaes
1634 2863 1872 2929 repreheifiu.
1944 2859 1948 2862 ’

1787 3078 1954 3125 Tunicam
