1990 3386
235 181 304 218 185

239 243 330 293 Qa
340 238 410 277 vidi
424 237 538 290 sapius
548 251 615 273 non
625 234 734 272 solum
748 236 1001 278 moriturorum,
1012 231 1066 269 sed

240 298 272 328 &
289 302 498 328 mortuorum
509 285 646 336 pupillas
659 284 795 320 reddere
807 284 976 331 imagineS.
1001 282 1065 318 Vi-

239 340 316 377 disse
331 342 431 376 etiam
452 336 480 372 se
503 336 655 372 adfirmat
675 333 828 369 Thomas
851 330 1063 380 Campanella

238 389 332 437 quast.
347 388 498 437 Phyfiolog.
523 388 580 431 <48-
603 382 788 420 Enimvero
810 381 935 431 pupilla
955 379 1064 415 reddit

241 440 436 486 imaginem,
458 436 535 482 quia
545 445 662 468 cornea
672 430 763 467 laevis
786 435 820 467 &
842 433 948 466 nitens
969 427 1063 463 refic-

236 489 297 523 {tit
309 483 450 535 appulsas
458 483 586 533 species·
621 480 790 530 deiu
809 480 889 528 ergo
901 478 1061 514 illamlae-

238 539 375 571 vitatem
387 531 598 581 nitoremque
610 543 676 566 non
687 531 810 564 amittit
824 541 953 573 cornea,
967 525 1062 562 refie-

238 586 365 619 &entur
376 581 497 631 semper
508 579 624 629 species
635 604 646 624 ‚
660 578 809 627 adeoque
831 580 942 625 imago
962 575 1062 611 cxlii-

239 632 307 668 beri
321 645 388 667 non
405 631 551 681 desinet:
577 630 668 679 atqui
690 632 720 663 ἃ
743 627 878 663 instante
899 636 1005 660 morte
1027 629 1059 658 ὃ(

236 681 308 729 post
319 692 460 717 mortem
473 692 589 715 cornea
601 679 691 714 laevis
705 687 812 712 manet
836 682 867 712 δι’
880 676 984 710 nitens
997 687 1006 715 3
1025 685 1061 706 ac

236 742 408 779 propterea
418 729 550 772 reddit,
574 727 653 764 sicut
674 725 770 768 ante,
797 727 984 773 imaginem.
998 721 1061 757 Sed

237 785 271 814 ἀ
295 777 404 814 ablat&
426 778 545 814 cornea
567 803 577 821 ‚
598 781 629 812 δέ
658 772 757 810 effuso
779 774 918 810 humore
941 785 1061 821 aqneo,

235 827 439 876 crystallinus
451 826 559 862 reddit
570 826 747 872 imaginem
759 826 792 859 in
802 822 902 858 oculo
914 831 1062 864 mortuo,

237 875 394 926 praesente
405 874 546 912 candelae
557 873 693 910 lumine.

342 972 752 1012 PROBLEMA
814 968 964 1004 LXIX.

236 1073 368 1128 Vtrum
390 1091 460 1121 non
481 1073 583 1120 detur
611 1066 780 1135 regreffus
808 1066 831 1113 ἆ
852 1069 1006 1115 caecitate
1017 1065 1067 1113 ad

577 1141 713 1204 vistim?

304 1217 458 1263 Axioma
470 1211 578 1269 illud,
597 1210 621 1257 ὲ
641 1206 901 1276 privatione
911 1203 969 1253 ad
982 1202 1063 1251 ha-

308 1281 462 1329 bitum
482 1296 583 1326 non
607 1280 742 1326 datur
764 1274 960 1335 reditus,
992 1294 1064 1322 non

301 1354 354 1419 est
374 1352 596 1415 undiquaque
618 1359 760 1396 ‘berum-
786 1346 1020 1395 Naturaliter
1041 1344 1066 1390 d

303 1435 415 1469 morte
425 1423 473 1467 ad
484 1423 602 1467 vitam
614 1419 723 1467 rediri
739 1419 866 1482 potest.
877 1414 1065 1483 Qandoci

298 1494 507 1555 privatione
520 1490 570 1536 ad
579 1489 703 1537 habita
712 1488 756 1553 (it
771 1489 940 1550 reversim
971 1489 1067 1535 Caeco

304 1561 404 1607 reddi
414 1561 531 1625 potest
542 1559 656 1623 visus.
683 1556 837 1622 Qdfit
849 1555 914 1624 ff
924 1573 1066 1602 caecum.

301 1628 426 1678 Tobiae
439 1631 577 1676 accitas
585 1635 715 1690 sanata
727 1627 880 1672 remedio
892 1624 1065 1671 naturali.

300 1701 347 1745 In
360 1717 426 1764 quo
448 1699 615 1763 consistat
638 1694 792 1741 videndi
800 1694 984 1759 potestas3
1012 1704 1065 1742 (φ

301 1767 440 1832 quando
455 1766 616 1831 potfssas
637 1765 696 1810 illa
710 1763 834 1810 debeat
848 1764 916 1810 dici
927 1756 1066 1809 ablata.

305 1836 387 1900 Q
391 1834 492 1900 se'fi‘
504 1844 629 1882 'berum
631 1834 686 1899 fit
700 1834 781 1881 ante*
792 1833 890 1881 diuzi
908 1834 1066 1881 axioma.

317 1956 351 1990 N
365 1951 552 2004 quaestionis
575 1949 673 1999 hujus
696 1963 731 1986 ac
758 1948 963 1986 difficultatis
984 1947 1069 1997 ady-

317 2002 585 2038 tumintro’e'unti
597 2001 707 2037 statim
730 2003 764 2035 in
786 1998 950 2036 vestibulo
971 1996 1068 2044 obie-

318 2052 383 2086 ctat
396 2049 425 2085 se
438 2049 719 2109 Philosophorum
732 2060 841 2084 turma
855 2062 923 2085 uno
946 2059 1005 2083 ore
1016 2049 1069 2082 in·-

318 2098 531 2135 clamantium
543 2123 554 2142 ,
576 2112 596 2134 a
612 2102 778 2144 privatione
798 2102 836 2133 ad
859 2099 992 2133 habitum
1011 2108 1068 2131 non

231 2149 297 2185 dari
312 2149 436 2183 reditum
446 2148 655 2194 regreffumve3
675 2157 707 2181 at
734 2160 773 2182 ue
784 2161 836 2182 me
847 2146 1004 2182 ulteriore
1014 2147 1067 2180 in-

231 2197 336 2245 gressu
361 2196 585 2241 interdicunt,
609 2160 775 2254 longeque
806 2195 968 2230 abarcent.
1003 2194 1068 2229 Sed

234 2248 321 2282 bona
334 2244 435 2281 verba
450 2271 458 2290 ,
482 2245 600 2281 amabo
621 2257 682 2280 vos
693 2270 704 2288 ‚
715 2258 737 2278 o
750 2242 911 2291 sapientire
926 2241 1069 2283 studio&

233 2294 330 2330 sistite
345 2296 469 2341 impetu
476 2307 520 2329 m.
550 2297 629 2342 Ego
640 2292 812 2328 enimvero
823 2294 990 2326 axiomata
1009 2303 1068 2326 ve—

232 2343 293 2379 stra
304 2342 369 2379 sive
382 2341 570 2391 proloquia,
587 2354 624 2378 ut
638 2345 772 2378 Marcus
786 2345 894 2376 Varro
916 2340 1069 2375 nomina-

233 2391 290 2428 bat
307 2419 319 2438 ,
338 2391 394 2428 vel
414 2416 426 2436 ,
447 2401 485 2425 ut
509 2394 642 2426 Marcus
668 2391 791 2426 Cicero
805 2415 816 2434 ,
847 2390 1069 2437 pronuntiata,

231 2453 345 2488 proco
369 2463 381 2486 ,
407 2453 443 2476 ac
463 2438 608 2485 debent,
630 2438 753 2474 aestimo
777 2453 785 2473 ε
810 2437 864 2474 sed
888 2450 987 2487 quam
1012 2437 1069 2484 ipsi

234 2488 358 2539 ubique
379 2489 505 2525 docetis
526 2514 537 2533 ,
559 2483 769 2534 retinetisQue
793 2489 826 2521 in
847 2486 1068 2534 expendendis

233 2536 397 2585 sententiis
416 2537 530 2586 judicii
544 2536 730 2573 libertatern
741 2560 753 2580 ‚
777 2549 845 2571 non
856 2534 980 2578 vultis,
994 2537 1070 2582 opi-

233 2598 318 2632 nor,
339 2587 409 2633 alijs
428 2587 603 2623 ademtam.
632 2591 746 2634 Qre
759 2597 865 2633 neque
888 2582 971 2618 mihi
983 2582 1069 2620 infe-

234 2634 273 2670 sti
285 2658 293 2674 ι
307 2648 410 2684 neque
424 2634 536 2672 infensi
546 2634 603 2671 esse
614 2633 740 2670 debetis
753 2659 764 2677 ,
784 2630 963 2676 (linimus,
975 2632 1067 2682 quod

234 2684 268 2716 in
288 2697 340 2718 me
366 2684 491 2731 jacitis,
510 2684 596 2722 effati
622 2685 796 2719 veritatem
818 2679 999 2718 accuratius
1017 2682 1069 2715 in-

232 2743 373 2781 quii-am.

283 2783 515 2827 Ingeminatis,
536 2784 555 2817 ὲ
578 2780 764 2829 privatione
776 2779 816 2815 ad
838 2775 987 2813 habitum
1000 2791 1067 2813 non

235 2826 305 2862 dari
336 2828 519 2876 regressum.
548 2834 581 2865 Si
604 2832 676 2878 quis
701 2827 829 2863 mecum
854 2825 995 2874 rigidius
1013 2827 1068 2861 di-

236 2877 326 2911 {tum
338 2876 401 2912 hoc
412 2879 785 2926 examinet‚comperiet‚
798 2891 865 2913 non
875 2889 943 2910 uno
962 2875 1067 2911 modo

232 2923 348 2960 falsum
363 2924 433 2960 esse.
457 2928 619 2971 Inprimis
639 2928 725 2961 enim
742 2924 961 2961 naturaliter&
974 2936 1066 2959 tene.-

236 2972 302 3008 bris
329 2973 370 3009 ad
393 2973 501 3008 lumen
521 2972 621 3006 vdatur
644 2975 819 3020 regressus:
844 2977 901 3009 aer
923 2973 1067 3009 interdiu

235 3020 402 3057 luminosis
427 3020 523 3066 radijs
548 3019 681 3055 illustris
703 3047 713 3064 ‚
736 3021 865 3060 Solevse
891 3021 1073 3067 condent&

235 3068 461 3106 intenebrescit
478 3086 485 3105 ι
508 3067 614 3104 rursus
625 3095 635 3113 ‚
658 3068 776 3103 eodem
792 3070 901 3114 jubare
913 3072 1066 3105 exorien-

236 3130 267 3153 te
276 3144 287 3164 ‚
301 3118 438 3155 horrore
449 3117 656 3154 tenebrarum
665 3127 766 3153 exuto
775 3143 785 3161 ‚
810 3118 900 3164 grata
912 3117 984 3154 luce
991 3131 1067 3167 per-

557 172 718 212 vop:
763 171 1253 211 FORTVNATI
1302 168 1633 214 PLEMPII

1112 226 1276 267 funditur.
1302 233 1463 270 Tenebrae
1475 235 1618 284 privatio
1627 235 1691 280 est,
1711 236 1823 276 lumen
1842 238 1958 279 habu.

1116 278 1232 333 tus‚ad
1243 278 1366 318 sensum
1379 285 1564 320 axiomatis,
1587 286 1642 320 De
1662 299 1745 335 aqua
1756 301 1890 338 quoque
1898 279 1944 328 li-ss'
1958 318 1959 321 ,

1116 326 1256 384 quidum
1268 331 1330 376 est,
1353 333 1371 366 ὲ
1383 334 1568 380 privatione
1579 332 1710 381 frigoris
1721 337 1759 371 ad
1772 335 1874 385 frigus
1882 337 1941 376 sae-
1956 375 1958 377 ,

1115 388 1188 429 pius
1209 379 1314 414 redii-e
1336 382 1432 430 poss'e.
1457 384 1511 416 Sic
1532 380 1684 418 voluntas
1705 384 1834 435 ipsaque
1854 388 1940 426 adeo

1115 425 1416 481 ammafrequenter
1428 431 1560 478 justitia,
1571 435 1795 479 temperantia,
1807 434 1940 486 aliisque

1116 482 1188 507 tum
1199 479 1377 514 virtutibus
1388 492 1460 516 turn
1474 479 1640 515 habitibus
1664 484 1810 527 privatur
1820 509 1831 528 ,
1853 500 1940 534 quos

1115 521 1224 577 postea
1245 529 1358 575 recipit
1377 529 1502 564 denuo.
1536 530 1627 578 Qd
1646 531 1754 565 dicam
1772 531 1813 568 de
1833 531 1938 572 somni

1117 576 1148 625 ξι
1171 573 1379 620 Vigiliarun13
1403 590 1512 613 motus
1535 583 1567 613 &
1589 579 1708 626 quictis
1724 578 1939 619 alternatione

1117 631 1150 656 ln
1162 623 1362 674 nobisipsis}
1387 626 1509 661 Alterae
1523 628 1721 675 privationes
1732 626 1823 674 sunt,
1845 629 1937 668 alteri

1116 668 1258 723 habitus;
1268 680 1297 707 ἃ
1311 672 1483 710 succedunt
1495 686 1603 711 tamen
1614 686 1697 724 quot
1708 676 1823 714 diebus
1832 680 1866 714 in
1876 693 1940 716 no-

1119 717 1168 751 bis
1179 731 1219 753 ex
1233 733 1354 756 naturae
1366 723 1447 772 lege.

1164 768 1268 804 Addo
1290 773 1494 821 inopinatum
1505 772 1606 808 aliud.
1647 778 1676 809 A
1699 785 1806 810 morte
1825 777 1866 813 ad
1886 781 1941 815 vi-

1117 826 1184 850 tam
1196 819 1295 870 rediri
1324 823 1480 871 inquam3
1499 836 1567 858 non
1585 821 1691 858 solum
1711 823 1817 859 reditu
1830 824 1942 874 super-

1116 865 1298 903 naturali&
1313 869 1527 917 miraculoso,
1548 869 1600 907 scd
1612 870 1759 908 naturali.
1792 875 1939 923 Cufices,

1116 912 1242 968 vespae,
1265 917 1379 955 mussae
1400 946 1410 964 ,
1442 932 1539 969 atque
1561 920 1595 955 id
1623 933 1724 968 genus
1742 921 1938 963 inseetorum
1955 958 1957 960 .

1117 963 1227 1009 aliud,
1252 965 1424 1013 hyemante
1434 969 1515 1004 caelo
1524 970 1654 1014 εηςξὶα,
1675 981 1730 1005 aut
1751 974 1843 1020 aquis
1860 973 1938 1009 sub-
1958 980 1961 983 ’

1118 1011 1218 1048 mersa
1228 1040 1238 1055 ,
1263 1015 1376 1053 aesti'vo
1388 1016 1441 1055 vel
1451 1031 1555 1054 verno
1566 1018 1673 1053 calore
1693 1017 1764 1054 fota
1780 1034 1942 1059 revocan-

1116 1072 1170 1096 tur
1186 1062 1227 1097 ad
1247 1066 1371 1112 vitam,
1394 1079 1491 1116 atque
1512 1066 1706 1115 resurgunt,
1726 1067 1941 1122 volatumc‘lue

1116 1123 1317 1159 recuperant.

1164 1164 1298 1210 Inquiat
1308 1164 1425 1214 aliquis
1436 1190 1448 1210 ‚
1475 1175 1606 1200 mortua
1625 1163 1681 1200 illa
1701 1165 1852 1204 animalia
1863 1169 1941 1206 vere

1117 1220 1185 1244 non
1197 1209 1287 1247 fuisse
1298 1227 1308 1254 ;
1327 1226 1359 1249 at
1367 1211 1539 1262 obriguisse
1549 1213 1719 1249 dumtaxat
1728 1227 1791 1262 prae
1802 1214 1939 1265 frigore,

1118 1262 1150 1292 δέ
1175 1259 1320 1309 stupuisse
1342 1264 1488 1299 membra
1506 1264 1618 1298 omnia
1637 1288 1648 1305 ‚
1670 1263 1776 1312 eoque
1807 1278 1939 1304 mortua

1117 1310 1299 1357 apparuisse.
1327 1315 1402 1348 Hoc
1422 1315 1499 1361 quia
1519 1324 1585 1346 non
1606 1311 1763 1348 absonum
1786 1313 1876 1351 distu
1887 1329 1940 1352 ara

1118 1357 1244 1409 bitror-2
1264 1362 1414 1409 produco
1426 1361 1565 1397 alterum
1577 1360 1765 1410 exemplum
1783 1367 1939 1411 apertius5

1117 1421 1186 1455 quo
1205 1410 1351 1446 monstro
1363 1412 1380 1446 ὲ
1392 1423 1498 1446 morte
1510 1409 1550 1444 ad
1562 1410 1666 1445 vitam
1677 1409 1735 1447 effe
1754 1412 1938 1459 regreffuma

1118 1457 1175 1491 Est
1185 1460 1218 1494 id
1229 1461 1368 1506 petitum
1380 1459 1420 1493 ab
1429 1470 1495 1494 arte
1518 1458 1643 1500 nostra3
1663 1459 1753 1505 cujus
1777 1461 1939 1499 beneficio

1116 1515 1215 1557 atque
1237 1520 1300 1555 ope
1321 1506 1391 1542 fieri
1411 1507 1516 1557 potest
1529 1533 1539 1551 ‚
1560 1519 1595 1539 ac
1615 1515 1862 1559 nonnumqmim
1885 1511 1939 1557 fit,

1118 1565 1153 1590 ut
1164 1570 1235 1605 pars
1247 1559 1348 1590 carnis
1362 1554 1571 1592 recentissime
1583 1553 1703 1590 absecta
1713 1581 1724 1600 ‚
1736 1555 1778 1592 sic
1788 1569 1823 1593 ut
1831 1558 1943 1597 calore¹

1116 1598 1174 1640 suo
1185 1603 1324 1641 naturali
1333 1615 1431 1653 atque
1452 1602 1584 1639 radicali
1593 1603 1734 1640 humido
1751 1606 1856 1642 adhuc
1875 1610 1942 1645 im..

1118 1651 1197 1689 buta
1208 1653 1246 1690 fit
1262 1677 1272 1697 ‚
1284 1655 1404 1688 iterum
1415 1666 1489 1687 cum
1500 1652 1569 1697 aliis
1579 1652 1723 1699 partibus
1733 1658 1830 1690 coe'at
1841 1682 1853 1700 ‚
1869 1660 1941 1693 anti-

1118 1715 1226 1740 metur
1237 1730 1249 1749 ‚
1273 1700 1390 1738 vitales
1401 1712 1551 1738 exerceat
1560 1700 1742 1737 functiones
1757 1718 1764 1738 :
1782 1705 1876 1752 quod
1885 1705 1944 1752 est,-

1117 1753 1135 1788 ὲ
1149 1764 1258 1789 morte
1279 1753 1386 1787 redire
1408 1752 1449 1787 ad
1466 1753 1581 1787 vitam.
1608 1753 1696 1786 Nam
1707 1764 1777 1799 pars
1796 1756 1947 1802 corporis

1118 1800 1266 1842 animalis
1277 1799 1410 1849 perfecti
1422 1827 1433 1846 ‚
1467 1799 1522 1837 vel
1543 1798 1655 1835 saltem
1674 1802 1820 1848 corporis
1841 1803 1944 1840 nostri
1961 1798 1968 1810 '

1117 1853 1136 1888 ὲ
1155 1861 1231 1887 toto
1242 1847 1351 1887 avulsa
1365 1849 1540 1886 certissimo
1554 1849 1691 1884 orbatur
1705 1851 1810 1886 anim&
1820 1877 1833 1895 ,
1850 1850 1947 1890 simul

1119 1911 1219 1950 atque
1230 1897 1340 1937 avulsa
1352 1898 1407 1936 est.
1446 1903 1517 1934 Iam
1539 1900 1650 1948 itaque
1671 1897 1694 1934 si
1713 1900 1758 1934 ita
1778 1900 1950 1937 decurre-

1119 1948 1238 1998 gressus
1262 1950 1281 1984 ὲ
1302 1950 1488 1997 privatione
1511 1947 1551 1983 ad
1572 1946 1724 1983 habitum
1737 1972 1748 1988 ,
1768 1959 1804 1983 ut
1814 1951 1947 1987 etiam&

1121 2009 1229 2035 morte
1240 1996 1281 2033 ad
1292 1999 1397 2034 vitam
1407 1995 1445 2033 sit
1455 1997 1578 2032 reditio
1595 2009 1605 2037 ;
1628 1996 1742 2045 'quidni
1761 1999 1779 2033 ὲ
1801 2001 1947 2033 caecitate

1121 2060 1256 2097 quoque
1268 2046 1309 2082 ad
1324 2045 1430 2084 visum
1440 2045 1535 2094 possit
1546 2047 1666 2080 reverti
1677 2047 1688 2080 ζ
1707 2048 1836 2094 Nempe
1847 2047 1865 2081 a
1877 2049 1949 2094 pri-

1121 2098 1256 2132 vatione
1268 2096 1309 2132 ad
1320 2094 1470 2131 habitum
1494 2105 1566 2130 tum
1585 2092 1710 2142 semper
1728 2093 1772 2130 est
1792 2094 1949 2142 reversio,

1121 2145 1201 2182 cum
1212 2158 1281 2180 non
1294 2145 1390 2194 perijt
1410 2142 1500 2179 causa
1518 2143 1660 2179 efficiens
1672 2169 1683 2187 ,
1701 2157 1773 2193 quae
1794 2143 1950 2182 habitum

1123 2194 1334 2242 reproducat.
1358 2201 1568 2242 Qpropter
1588 2190 1703 2227 infesta
1726 2205 1792 2240 prae
1822 2192 1950 2241 frigore

1122 2254 1279 2278 emortua
1299 2242 1476 2279 resuscitari
1496 2239 1623 2287 possunt
1648 2265 1659 2281 ,
1688 2243 1765 2289 quia
1785 2240 1843 2276 Sol
1867 2243 1947 2278 vitae

1122 2290 1259 2325 illorum
1280 2291 1421 2325 efficiens
1441 2302 1509 2323 non
1529 2287 1624 2336 perijt
1644 2313 1655 2332 ,
1676 2289 1729 2324 sed
1751 2289 1867 2336 praesto
1887 2290 1946 2325 estz'

1122 2350 1199 2374 caro
1248 2340 1328 2373 item
1363 2340 1382 2373 ὲ
1412 2348 1487 2372 toto
1520 2349 1657 2384 corpore
1698 2336 1871 2373 novissime
1900 2336 1950 2373 se·-

1122 2385 1230 2433 juncta
1250 2385 1446 2435 agglutinari
1469 2411 1481 2430 ‚
1512 2387 1589 2434 quia
1605 2382 1741 2433 superest
1760 2389 1796 2420 in
1817 2385 1951 2436 reliquo

1123 2448 1262 2484 corpore
1273 2438 1380 2471 anima
1393 2461 1402 2476 ,
1416 2447 1488 2484 quae
1499 2433 1563 2469 hoc
1575 2435 1743 2471 exefficere
1753 2432 1858 2470 valeat
1867 2461 1878 2478 ‚
1890 2448 1948 2470 nec

1123 2497 1196 2533 pars
1211 2483 1276 2532 ipsa
1288 2484 1428 2532 separata
1439 2482 1480 2518 ad
1491 2486 1594 2519 vitam
1607 2483 1824 2532 recipiendam
1833 2483 1876 2519 est
1895 2486 1949 2519 in-

1123 2544 1197 2581 epta
1210 2561 1221 2579 ‚
1238 2535 1359 2582 quippe
1370 2533 1510 2568 necdum
1520 2533 1682 2581 proximis
1706 2532 1747 2568 ad
1769 2533 1872 2568 vitam
1882 2531 1950 2581 dii}

1122 2580 1339 2631 positionibus
1350 2593 1459 2618 exuta.

1170 2636 1224 2667 Ita
1235 2633 1370 2679 inquam
1382 2656 1392 2675 ,
1409 2642 1497 2666 caeco
1520 2628 1614 2664 reddi
1636 2627 1720 2676 posse
1730 2628 1848 2674 visum,
1859 2642 1948 2679 quo-

1122 2680 1211 2716 niam
1224 2679 1311 2715 adest
1331 2682 1366 2714 in
1386 2691 1523 2726 corpore
1547 2688 1682 2718 natura,
1725 2690 1774 2712 uae
1794 2679 1950 2715 caecitatis

1124 2727 1234 2764 causas
1245 2726 1413 2775 dispellere
1423 2729 1495 2775 quit
1508 2741 1517 2768 3
1530 2737 1584 2761 aut
1596 2725 1618 2762 si
1627 2691 1842 2772 haecsatiscat,
1855 2729 1950 2775 igna-

1121 2776 1261 2826 viorque
1280 2777 1317 2813 sit
1332 2804 1343 2823 ‚
1366 2776 1452 2812 adest
1471 2788 1520 2810 ars
1540 2776 1667 2820 nostra,
1691 2788 1764 2823 quae
1787 2774 1952 2825 suppetias

1120 2827 1254 2870 veniat,
1274 2832 1305 2863 &
1317 2839 1383 2875 prae
1405 2823 1598 2861 otentibuse
1610 2836 1695 2872 penu
1714 2822 1772 2859 suo
1792 2823 1950 2873 deprom«

1120 2875 1161 2909 tis
1175 2875 1327 2920 remedils
1337 2888 1372 2912 ea
1387 2874 1464 2910 dem
1483 2870 1588 2912 causas
1597 2875 1691 2921 fuget
1708 2871 1891 2923 deleatque.
1949 2869 1959 2901 Γ

1170 2924 1240 2958 Hic
1258 2922 1364 2960 rursus
1399 2922 1567 2970 insurgunt
1590 2920 1813 2969 Philosophi,
1847 2933 1946 2970 atque

1119 2973 1233 3008 aiunt:
1256 2984 1313 3022 per
1332 2973 1510 3009 caecitatem
1535 2983 1602 3008 non
1624 2969 1764 3018 intelligi
1777 2983 1847 3006 eam
1858 2968 1954 3008 visus.

1118 3021 1354 3068 privationem,
1364 3034 1436 3070 quae
1448 3018 1554 3057 solum
1565 3022 1672 3056 αέὶιιπι
1683 3018 1890 3066 impedit‚aut
1902 3016 1950 3055 ads

1119 3079 1246 3118 tempus
1265 3068 1369 3106 aufert
1385 3095 1396 3114 ‚
1419 3067 1460 3105 fic
1482 3078 1517 3103 ut
1530 3071 1564 3104 in
1584 3067 1728 3114 subjefito
1739 3064 1968 3114 relinquatur(

1118 3117 1270 3166 aptitudo
1289 3117 1503 3167 recuperandi
1528 3116 1678 3153 habitum
1701 3112 1842 3155 vifivutn
1856 3129 1866 3156 ;
1875 3111 1951 3198 {eds

1835 3176 1873 3198 au
1899 3174 1939 3198 iri
