1990 3386
208 119 325 214 gend-a⁸
341 161 397 198 Ad
421 159 512 209 quod
532 155 746 208 praestandum
760 151 943 189 remedium
954 149 1029 186 vul-

214 227 289 268 gare
302 212 357 256 cst,
369 209 421 246 sed
434 211 572 251 bonum,
583 203 767 240 saccharum
779 200 918 236 candum
929 197 1031 247 puris-

216 266 332 299 {imum
352 257 539 309 permistum
557 266 632 289 cum
653 250 763 300 iulepo
784 246 966 296 velsyrupo
978 260 1035 283 ro-

216 310 308 350 saceo
324 322 333 344 ι
355 307 446 354 cujus
465 317 529 339 una
546 300 601 338 vel
625 299 724 336 altera
744 309 836 346 gutta
858 299 891 332 in
902 295 1037 333 oculum

218 359 329 395 datur:
343 352 509 393 moderate
522 349 680 398 absterget
689 361 723 384 ac
735 347 798 383 sine
810 345 1035 382 mordacitate.

222 408 318 443 Idem
329 405 405 441 facit
427 398 527 437 mulsa
539 398 645 435 diluta
667 409 742 433 cum
762 396 844 433 foeni
857 393 1040 431 Graecide-

220 457 319 492 cofto
330 448 551 498 mucaginoso.

270 503 326 538 Ad
348 500 532 535 cicatricem
561 495 724 532 ulceribus
743 490 995 534 obducendam‚
1019 486 1041 524 si

221 550 410 602 praescriptis
430 547 674 583 medicamentis
693 542 815 579 obduci
836 553 902 576 non
922 540 1043 592 potuit;

224 606 271 637 R.
308 596 439 634 plumbi
461 595 520 631 usti
539 594 623 640 loti,
645 595 737 629 tutiae
759 590 860 634 lotae,
880 586 1044 642 aerisusti,

225 649 352 697 gummi
363 642 564 694 tragacanth.
585 657 644 679 ana
665 638 980 692 stmidrachm50p11
994 648 1043 690 gr.

229 710 358 734 11.cum
369 707 450 744 aqua
460 692 572 742 pluvia
583 689 825 737 F.collyr.Eju5
836 699 938 741 capies
951 684 1048 740 sem—1-

228 744 433 789 drachmam,
448 749 478 779 ὅ(
492 755 567 778 cum
578 744 636 777 ovi
657 739 822 776 albumine
834 733 1003 770 instillabis
1013 746 1048 768 in

228 793 375 830 oculum.
404 791 469 828 Vel
480 795 526 828 R.
541 787 750 834 Antimonij,
780 784 906 835 plumbi
920 783 978 818 usti
991 795 1049 816 ana

229 841 430 885 drachmam,
445 839 546 883 aloes,
557 835 741 874 sarcocolla:
756 849 812 869 ana
823 831 1046 868 semidrachm.

233 905 308 926 cum
331 889 423 933 laete,
450 893 485 924 F.
507 886 625 934 collyr.
653 883 735 922 Vsus
748 894 893 931 tempore
913 879 1051 917 diluitur

232 953 309 975 cum
320 938 400 974 lacte
412 963 423 982 ,
436 936 489 973 vel
500 935 565 971 alio
576 936 706 985 liquore
725 932 953 968 conveniente.

282 987 338 1023 Ad
350 986 440 1022 ulcus
451 983 650 1029 cancrosum,
661 983 695 1018 id
706 981 763 1022 est,
772 983 901 1028 nigrum
915 982 946 1013 &
959 974 1054 1031 dyse-

233 1036 418 1084 puloticum
440 1032 578 1072 mirifice
599 1032 676 1068 facit
702 1030 753 1081 lac
773 1029 929 1065 asininum
950 1024 1054 1062 oculis

233 1083 422 1121 immissum.

420 1181 685 1220 CAPUT
756 1177 856 1211 XV.

351 1279 419 1328 De
431 1296 543 1345 ungue
552 1278 637 1327 oculi
648 1287 699 1326 (9-
712 1274 908 1344 pannicula.

414 1397 524 1443 Nguis
534 1392 588 1430 seu
603 1394 794 1442 Pterygium
815 1419 825 1437 ,
837 1402 872 1426 ut
881 1390 990 1427 Graeci
1001 1402 1062 1424 no-

416 1447 552 1488 minant,
565 1442 597 1478 id
613 1443 657 1478 est
666 1456 764 1490 parva
775 1440 836 1486 ala,
849 1440 892 1475 est
903 1439 1019 1485 nervosa
1029 1439 1065 1475 (θ’

415 1493 578 1540 duriuscula
589 1494 785 1527 membranula
796 1495 958 1536 plerumque
967 1499 1002 1520 ex
1012 1499 1067 1520 an-

417 1545 486 1589 gulo
494 1542 554 1590 sese
564 1541 725 1585 obtendens,
738 1543 774 1579 ὠ·
781 1538 850 1586 sape
859 1538 992 1583 puptllam
1001 1546 1067 1569 con-

245 1603 356 1637 tegens.
394 1593 475 1626 Haec
501 1587 724 1626 membranula
742 1588 934 1637 plerumque
956 1583 999 1619 est
1022 1581 1070 1617 al-

250 1639 361 1676 bicans
372 1664 383 1683 ‚
393 1653 461 1675 non
481 1650 589 1674 tamen
610 1635 732 1685 semper
742 1664 753 1681 ‚
764 1634 814 1671 sed
827 1632 1004 1681 aliquando
1016 1644 1072 1665 ru-

254 1687 408 1733 bicunda,
419 1686 584 1723 interdum
596 1686 710 1719 citrina
721 1710 731 1727 ,
743 1692 990 1731 nonnumquam
997 1677 1072 1714 sub—

253 1738 357 1784 nigra.
387 1738 506 1772 Oritur
524 1731 778 1781 frequentiffime
800 1730 841 1765 ab
852 1727 974 1777 angulo
984 1737 1074 1775 Juxta

255 1783 388 1829 nasum,
409 1786 467 1832 qui
488 1781 593 1827 major
613 1790 772 1822 vocatur;
791 1777 920 1816 rarius&
932 1778 1070 1818 minore;

250 1831 406 1868 rarissime
428 1832 468 1867 ab
486 1831 638 1867 alterutra
657 1828 818 1878 palpebra.
855 1831 974 1875 Neque
994 1822 1077 1860 sem-

258 1892 316 1928 per
327 1880 411 1916 arete
423 1880 565 1917 adhaeret
575 1879 693 1914 tunicae
707 1878 843 1922 adnatae,
863 1875 916 1912 sed
929 1874 1079 1922 aliquan-

258 1929 307 1965 do
317 1931 346 1965 ei
357 1926 485 1966 tantum
495 1926 734 1977 supertenditur
754 1927 838 1963 adeo
850 1925 934 1969 laxe,
947 1934 983 1959 ut
994 1925 1078 1957 inter

259 1975 361 2025 ipsam
396 1983 428 2014 &
457 1978 607 2013 adnatam
636 1974 803 2023 specillum
833 1973 951 2011 inferre
971 1969 1078 2006 liceat:

262 2026 357 2073 quod
369 2027 494 2063 Cassius
505 2025 656 2062 Medicus
666 2024 837 2061 adnotavit
849 2049 860 2071 ,
874 2035 970 2072 atque
983 2022 1081 2055 etiam

262 2077 402 2110 Paraeus.

321 2122 378 2158 Ad
411 2120 498 2156 hunc
531 2119 678 2156 affeecum
712 2120 872 2169 redigitur
896 2117 991 2155 Sebel
1016 2141 1028 2162 ‚
1049 2115 1084 2152 id

266 2169 336 2214 est,
356 2168 546 2218 panniculus
574 2167 741 2204 Arabibus
773 2178 999 2217 nuncupatus,
1027 2166 1085 2214 qui

268 2218 314 2253 est
342 2218 532 2265 excrescentia
568 2219 693 2263 quadam
729 2217 812 2264 super
849 2220 988 2251 adnatant
1032 2226 1087 2249 non

264 2269 311 2301 ita
319 2268 390 2302 dura
400 2279 449 2303 nec
470 2267 665 2314 membranosa
678 2291 688 2309 ,
700 2275 732 2300 ut
743 2278 780 2300 un
780 2270 855 2311 guis,
864 2266 912 2311 scd
923 2265 1040 2306 mollior,
1051 2264 1088 2299 ά

266 2318 357 2351 veluti
375 2316 679 2362 quadamvenutarum
698 2324 815 2350 textura
822 2314 963 2362 sanguine
970 2322 1091 2358 turgen-

272 2374 359 2402 tium.

629 2463 698 2509 Cau
715 2479 756 2508 ae.

331 2542 436 2581 Causa
457 2546 576 2591 unguis
587 2542 631 2578 est
652 2542 771 2579 humor
782 2542 886 2577 lentus
897 2543 914 2578 ὃ
926 2543 1028 2590 capite
1039 2540 1097 2576 de-

285 2592 416 2634 stillans,
450 2591 483 2627 ui
493 2592 585 2641 supra
597 2591 747 2627 adnatam
758 2590 924 2627 confistens
937 2591 981 2626 ob
992 2588 1098 2625 visco-

283 2639 407 2676 fitatem
427 2607 524 2677 (flacile
535 2639 710 2676 concrescit
731 2641 765 2675 in
776 2643 929 2675 tunicam.
949 2637 1100 2674 Proficis-

287 2691 373 2724 citur
382 2689 534 2725 autemid
545 2700 787 2724 excrementum
802 2701 869 2724 non
881 2700 946 2724 tam
959 2702 999 2724 ex
1012 2700 1100 2722 cere-

288 2735 363 2780 bro,
375 2738 473 2784 quam
485 2751 524 2773 ex
534 2748 623 2786 parte
634 2749 765 2773 externa
778 2763 789 2782 ‚
799 2736 1000 2772 cumulatum
1011 2736 1102 2784 supra

291 2786 447 2827 cranium,
459 2787 543 2822 unde
554 2786 670 2822 adnata
681 2785 767 2822 oculi
779 2797 887 2821 tunica
898 2785 988 2821 ducit
998 2787 1104 2833 origi—-

290 2845 380 2868 nem.
415 2833 463 2866 Et
483 2838 558 2882 quia
577 2848 632 2882 per
654 2834 811 2882 majorem
834 2833 988 2882 angulum
1002 2845 1106 2877 major

293 2891 572 2918 excrementorum
584 2885 675 2931 copia
684 2882 765 2919 solet
787 2882 970 2927 transmitti,
984 2882 1059 2917 ideo
1072 2883 1106 2919 in

296 2941 339 2963 eo
358 2928 406 2963 fre
430 2927 559 2964 uentius
578 2934 683 2966 oritur
699 2947 706 2966 :
731 2946 771 2968 ex
792 2931 895 2967 altero
907 2933 1032 2966 minore
1043 2933 1103 2966 vix

294 2977 397 3025 potest
407 2942 561 3013 {qufficiens
572 2981 703 3013 materia
713 2979 902 3028 suppeditari
916 2978 1108 3028 3multoc'1ue

300 3024 406 3061 minus
417 3038 458 3061 ex
470 3023 629 3074 superiore
640 3025 855 3076 infei·ioreqne
869 3028 1031 3078 palpebra.
1042 3031 1061 3066 S
1066 3042 1110 3065 ae-

519 93 680 137 vop:
727 82 1214 131 F'oRTvN'ATT
1265 64 1597 122 PLEMPIr

1085 147 1207 197 pissime
1219 159 1327 184 autem
1349 147 1467 194 unguis
1488 143 1631 193 sequitur
1641 142 1721 180 alios
1731 139 1906 179 oculoru'm‘

1087 195 1231 241 affectus,
1240 209 1276 232 ut
1286 193 1506 244 ophthalmias
1524 194 1692 230 diuturnas
1706 189 1859 233 ,scabras,
1871 194 1908 224 δε

1087 243 1336 281 melancholicas
1348 270 1359 288 ,
1369 242 1539 292 epiphoras
1550 267 1561 287 ,
1570 239 1722 290 pustulas,
1734 252 1769 274 ac
1778 236 1907 274 similes.

1134 296 1153 328 S
1158 292 1229 329 ebel
1247 293 1300 330 seu
1321 290 1510 341 panniculus
1536 289 1683 326 Arabum
1695 290 1801 323 oritur
1811 288 1829 322 ὲ
1839 284 1910 321 san-

1089 345 1187 426 gupne
1196 342 1323 378 venulis
1332 341 1455 378 adnatae
1465 341 1607 389 impacto
1618 363 1629 383 ‚
1640 334 1830 385 easdemque
1840 345 1913 382 turs

1089 403 1128 438 ge
1145 402 1278 428 aciente.

1431 488 1561 553 Stgna.

1149 583 1196 616 Vt
1217 581 1375 631 quispiam
1406 580 1555 617 oculatus
1585 579 1733 616 affectum
1754 579 1839 617 hunc
1859 579 1917 615 co—'

1098 624 1230 675 gnoscat
1240 657 1250 675 ,
1263 631 1357 679 signis
1369 643 1435 665 non
1446 640 1519 677 eget
1529 656 1541 675 ,
1553 631 1628 679 quia
1649 626 1717 664 visu
1730 631 1914 678 percipitur.

1147 681 1356 726 Prognostica
1377 690 1532 714 eventum
1553 679 1728 713 curationis
1747 675 1919 726 speetantia

1100 727 1224 773 optime
1237 727 1331 762 nobis
1343 727 1509 776 proposuit
1519 725 1785 771 Ae'tiusfflacilia,
1797 729 1830 762 in
1856 729 1917 771 uit,

1101 785 1213 824 curatu
1234 774 1303 811 sunt
1324 778 1470 824 pterygia
1491 774 1660 810 albicantia
1694 780 1726 810 ὃ(
1751 740 1918 824 anguiiuin

1101 823 1239 858 fundum
1252 824 1413 869 habentia,
1425 825 1473 859 his
1484 824 1563 859 vero
1585 825 1745 858 contraria
1769 824 1852 872 aegre
1864 837 1922 858 cu-

1103 883 1225 908 rantur.
1272 877 1362 910 Nam
1372 871 1528 909 subrubra
1548 872 1619 920 post
1638 874 1839 908 curationem
1851 871 1924 908 chi-

1103 922 1277 968 rurgicam,
1299 926 1416 957 cariem
1437 934 1471 955 ac
1492 921 1622 957 dolores
1644 920 1790 957 dimidiae
1812 923 1926 970 capitis
1946 925 1947 928 ’

1106 972 1204 1016 partis
1223 972 1393 1012 inducunt3
1413 980 1553 1006 attamen
1580 969 1650 1018 post
1662 967 1925 1018 symptomatum

1107 1016 1321 1055 sublationem
1332 1018 1446 1055 oculus
1459 1017 1623 1054 liberatur.
1646 1021 1693 1053 At
1712 1019 1870 1066 pterygia,
1892 1019 1926 1053 in

1107 1066 1225 1115 quibus
1238 1071 1336 1104 etiam
1355 1069 1510 1116 principia
1521 1066 1592 1102 sunt
1609 1065 1798 1111 suffusionis,
1819 1079 1931 1102 curare

1112 1129 1179 1150 non
1200 1128 1343 1165 oportet3
1364 1117 1413 1152 his
1426 1119 1513 1151 enim
1533 1114 1664 1151 sublatis
1683 1114 1780 1150 citius
1801 1114 1928 1151 suffufio

1111 1163 1281 1202 conflatur.
1304 1166 1368 1202 Sed
1389 1179 1494 1214 neque
1514 1164 1606 1200 crassa
1625 1165 1772 1213 pterygia
1788 1164 1929 1199 curanda

1111 1211 1195 1258 sunt,
1211 1214 1361 1251 &eversa
1389 1219 1421 1250 ὃ(
1443 1215 1628 1257 eminentia,
1650 1223 1749 1262 atque
1768 1213 1930 1258 indurata,

1117 1266 1149 1296 &
1162 1276 1233 1311 quae
1247 1275 1393 1311 tempora
1404 1275 1459 1311 per
1480 1261 1666 1298 consensum
1685 1263 1842 1304 afficiunt3
1860 1260 1932 1297 sunt

1117 1314 1235 1360 quippe
1247 1312 1388 1360 maligna
1401 1318 1432 1348 &
1455 1310 1611 1347 cancrosa.
1635 1318 1717 1360 Q
1731 1311 1811 1347 vero
1832 1309 1932 1358 usque

1119 1360 1159 1394 ad
1180 1360 1336 1409 pupillam
1363 1362 1564 1409 pertingunt,
1585 1364 1616 1395 &
1637 1372 1806 1409 propterea
1825 1358 1931 1395 visum

1117 1408 1313 1457 impediunt,
1324 1408 1346 1444 fi
1357 1408 1528 1452 tollantur,
1550 1407 1688 1444 liberant
1699 1409 1834 1458 quidem
1853 1422 1936 1446 ocu-

1119 1456 1188 1492 lum
1207 1458 1224 1492 a
1246 1456 1446 1492 fluxionibus
1461 1482 1472 1500 ‚
1492 1459 1625 1491 cicatrix
1651 1469 1781 1502 tamen,
1801 1472 1873 1507 quae
1893 1471 1936 1494 ex

1118 1504 1282 1553 chirurgia
1294 1507 1383 1552 juxta
1392 1504 1549 1554 pupillam
1559 1503 1710 1549 succedit,
1723 1505 1936 1542 nihilominus

1122 1552 1226 1588 visum
1237 1552 1384 1601 impedit.
1400 1551 1568 1588 Caeterum
1579 1562 1619 1587 e'x
1629 1553 1783 1601 pterygiis
1794 1569 1830 1590 ea
1840 1568 1940 1592 manu

1124 1614 1233 1637 curare
1245 1612 1388 1650 oportet,
1400 1614 1471 1650 quae
1483 1603 1573 1636 auem
1584 1602 1623 1636 ad
1635 1603 1764 1649 nigrum
1772 1601 1801 1637 se
1823 1614 1938 1639 exten-

1125 1649 1220 1686 dunt:
1233 1663 1305 1700 quae
1314 1652 1395 1686 vero
1407 1662 1516 1698 parva,
1534 1652 1610 1684 &in
1623 1649 1700 1687 albo
1722 1648 1806 1695 sunt,
1826 1664 1864 1687 ea
1882 1664 1942 1687 co-

1127 1699 1270 1736 nandum
1281 1711 1317 1734 ut
1327 1698 1511 1748 pharmacia
1531 1700 1782 1747 comprimamus.
1799 1702 1879 1735 Haec
1899 1699 1945 1736 est

1127 1747 1277 1785 doctrina
1296 1747 1413 1793 A'e'tij,
1435 1761 1532 1797 quam
1552 1760 1666 1783 omnes
1693 1746 1946 1796 amplectuntur,
1985 1771 1987 1775 .

1130 1798 1223 1833 uti&
1239 1810 1297 1833 nos
1309 1810 1454 1846 quoque.
1466 1794 1610 1845 Haecque
1629 1796 1693 1845 ipsa
1715 1796 1781 1832 fere
1800 1796 1841 1833 ad
1859 1795 1946 1833 sebel

1131 1845 1280 1881 Arabum
1300 1844 1540 1881 accommodari
1561 1843 1697 1893 possunt.
1718 1848 1772 1881 De
1792 1859 1861 1895 quo
1882 1844 1948 1880 hoe

1131 1894 1247 1931 itidem
1257 1904 1372 1930 notant
1393 1896 1551 1938 andstores,
1573 1893 1712 1943 quodsit
1732 1891 1950 1942 contagiosus,

1132 1944 1167 1979 id
1178 1943 1233 1988 est,
1254 1943 1294 1978 ab
1314 1940 1505 1990 adspiciente
1527 1941 1749 1987 contrahatur,
1771 1955 1869 1991 quem
1891 1940 1949 1977 ad-

1135 1991 1274 2027 modum
1293 1990 1517 2040 ophthalmia,
1535 1990 1570 2026 id
1591 1990 1684 2040 quod
1705 2003 1773 2026 non
1793 1990 1951 2039 competit

1135 2042 1297 2088 unguiseu
1316 2044 1480 2090 pterygio.

1474 2139 1629 2188 Curatio,

1220 2254 1360 2287 Curatio
1369 2250 1464 2305 ipsius
1473 2251 1600 2288 affeci-us
1611 2265 1666 2300 per
1680 2251 1787 2298 topica
1799 2252 1956 2299 incipienss

1141 2296 1182 2332 da
1194 2310 1260 2333 non
1276 2300 1331 2344 cst,
1342 2302 1399 2334 nih
1419 2299 1607 2335 universalia
1628 2298 1781 2347 praemiffa
1790 2297 1860 2334 fint.
1885 2303 1955 2335 Ita-

1093 2367 1095 2369 >
1143 2359 1206 2393 que
1217 2349 1466 2400 &purgationes
1477 2346 1660 2397 frequentes
1673 2373 1684 2392 ,
1703 2352 1735 2382 &
1746 2360 1838 2382 venae
1856 2346 1956 2384 sectio

1144 2397 1382 2443 praemittenda,
1399 2395 1584 2431 veficatoria
1595 2397 1727 2444 occipiti
1739 2408 1774 2430 ac
1784 2395 1856 2444 post
1868 2409 1959 2432 aures

1145 2442 1362 2490 admovenda,
1373 2456 1467 2493 caput
1479 2445 1701 2481 evacuandum
1712 2449 1776 2480 &c.
1791 2442 1861 2480 Nifi
1869 2446 1958 2482 enim

1147 2490 1215 2527 haec
1226 2491 1318 2538 fiant,
1330 2496 1405 2543 quia
1415 2493 1585 2542 pharmaca
1595 2493 1634 2528 ad
1651 2494 1836 2542 pterygium
1847 2495 1960 2530 omnia.

1148 2543 1232 2576 acria
1251 2540 1334 2588 sunt,
1354 2545 1462 2590 magni
1482 2541 1614 2578 dolores
1635 2547 1667 2577 &
1687 2539 1957 2579 inflammationes

1151 2589 1392 2627 inveherentur.
1419 2593 1464 2626 Iis
1486 2591 1565 2639 crgo
1585 2590 1646 2625 rite
1665 2589 1769 2631 faffis,
1782 2589 1823 2624 ad
1840 2587 1958 2627 localia.

1150 2639 1366 2687 procedimus;
1380 2653 1451 2689 quae
1464 2637 1539 2674 cum
1563 2638 1740 2683 mordacia,
1750 2639 1798 2672 uti
1808 2637 1890 2681 dixi,
1901 2637 1960 2676 effe

1152 2698 1312 2735 oporteat,
1323 2689 1400 2724 ideo
1409 2687 1481 2736 ipsis
1493 2689 1691 2736 mitigatoria
1703 2684 1959 2724 commiscemus:

1153 2734 1240 2771 velfi
1252 2737 1454 2784 impermistis
1464 2738 1598 2780 utimur,
1618 2748 1698 2771 mox
1708 2734 1747 2769 ab
1767 2731 1850 2769 hisce
1870 2736 1962 2770 miti-

1153 2785 1278 2831 gatoria
1290 2785 1491 2823 adhibemus.
1502 2791 1595 2833 Opus
1614 2794 1721 2819 autem
1742 2781 1785 2818 est
1804 2783 1965 2829 imprimis

1155 2845 1297 2880 unguem
1310 2833 1545 2882 quadamtenus
1554 2830 1712 2876 emollire,
1724 2842 1762 2866 ut
1784 2829 1900 2866 melius
1910 2844 1964 2868 ce-

1155 2881 1211 2917 dat
1223 2880 1399 2929 pharmacis
1407 2881 1629 2918 erodentibus:
1641 2881 1698 2930 qui
1720 2881 1806 2916 enim
1815 2878 1848 2914 id
1859 2879 1964 2927 negli÷

1157 2928 1444 2981 gunt,pleru1nque
1451 2944 1517 2966 non
1528 2932 1691 2977 attingunt
1700 2926 1966 2976 scopumAEmol-

1158 2978 1233 3014 litio
1245 2977 1313 3014 haec
1334 2978 1373 3015 fit
1392 2991 1511 3027 vapore
1531 2978 1733 3014 decoctionis
1752 2970 1880 3019 malm,
1899 2973 1960 3012 fol.

1159 3025 1296 3073 althaeae,
1315 3027 1390 3065 sem.
1403 3025 1617 3070 foeniGraeci3
1630 3036 1725 3075 atque
1737 3022 1804 3073 ipso
1823 3021 1887 3058 hoc
1907 3023 1966 3107 {p-

1871 3083 1911 3108 ΕΟ
1941 3085 1966 3110 Ὀ
