1990 3386
185 183 258 222 ³04

241 239 285 272 In
296 232 335 271 rh
352 231 420 270 *ade
432 229 476 279 ,si
499 229 592 278 plane
612 226 758 264 absumta
768 225 812 263 est
832 222 1016 270 caruncula,

193 284 252 324 etsi
263 286 320 335 qui
346 296 398 319 am
409 277 613 331 praescribant
623 277 807 312 curationes
820 302 832 321 ‚
843 273 957 310 frustra
968 285 1019 310 ta·-

195 348 271 372 men
291 340 485 382 operantum
505 328 582 376 quia
612 324 784 361 caruncula
810 324 865 361 illa
885 336 955 373 pars
975 321 1020 360 cst

193 382 381 434 spermatica
392 403 402 423 ,
415 376 489 412 ideo
502 374 556 411 'ue
567 377 747 423 regenerari
762 375 886 424 nequit.
899 375 956 407 Sin
968 385 1027 408 au-

196 443 265 469 tem
277 442 315 466 ex
326 437 414 478 parte
427 436 559 461 tantum
570 422 715 460 absumta
723 422 762 458 sit
777 448 789 467 ‚
808 420 913 471 potest
925 419 1025 459 sanari

193 478 334 516 malum.
349 474 417 511 Vbi
428 473 572 510 multum
585 483 693 508 tamen
706 472 835 507 interest
847 496 858 516 ‚
872 484 911 505 an
923 468 963 505 ab
975 472 1026 505 in-

197 526 316 563 cifione
327 550 338 569 ‚
356 537 395 559 an
408 521 448 558 ab
459 520 608 558 erosione
630 519 668 556 fit
691 522 875 556 imminuta.
888 523 900 554 l
913 517 1027 555 acilius

198 576 241 611 ab
251 572 397 611 erofione
409 573 582 608 imminuta
603 569 842 617 redintegratur
855 593 865 613 ‚
889 571 966 617 quia
978 569 1024 614 id,

200 623 292 673 quod
303 621 433 665 erodit,
458 619 651 669 plerumque
672 617 803 653 tantum
825 629 948 665 partem
958 630 1027 653 car-

200 671 313 708 nosam
324 669 444 715 erodit,
469 681 542 717 quae
553 681 619 703 non
639 666 818 703 difficulter
831 667 1025 713 regignitur:

197 721 234 757 id
245 732 365 765 autern,
376 718 469 768 quod
480 717 600 752 incidit
616 742 627 761 ‚
637 725 704 751 tam
719 726 843 763 partem
863 715 1027 751 carnosam

225 772 301 806 uam
310 766 496 807 seminalem
518 763 641 806 aufert3
672 762 832 799 seminalis
855 775 962 799 autem
977 777 1028 799 re-

199 782 287 854 sinui
299 831 366 853 non
376 816 502 866 potest,
515 812 568 850 sed
580 810 710 849 tantum
722 812 863 850 carnosa.
888 812 959 849 Esse
970 826 1029 848 au—

200 877 270 902 tem
300 866 381 902 hanc
413 862 622 900 carunculam
644 873 767 910 partem
792 860 1026 910 spermaticam,

198 913 314 951 saltem
325 928 386 964 pro
397 925 499 963 parte,
510 911 595 947 testis
606 911 687 950 mi‘hi
700 911 744 946 est
757 910 906 946 Galenus
916 911 966 946 cult.
975 923 985 944 1
994 923 1025 945 0.

203 965 236 999 de
252 964 299 1011 off.
321 974 400 1010 part.
422 973 485 1010 cap.
506 973 555 997 ιι.
568 960 626 996 ubi
637 973 709 996 eam
727 970 826 996 vocat
845 965 1030 996 carunculam

200 1014 359 1062 nervosam.

531 1109 686 1156 Curatio.

252 1206 383 1254 Rhyas,
395 1218 466 1254 quae
477 1203 520 1239 est
531 1200 711 1238 carunculae
724 1203 927 1246 imminutio,
938 1206 1032 1237 cura-

204 1265 259 1290 tur
267 1254 398 1290 modice
410 1251 681 1300 adstringentibus
692 1265 745 1296 ex,
765 1251 897 1288 Galerio
909 1253 958 1286 nb.
977 1262 1029 1294 14.

206 1305 296 1338 meth.
319 1304 393 1338 med.
419 1311 480 1347 cap.
508 1306 562 1337 16.
587 1311 664 1335 toto
679 1308 796 1336 'tamen
807 1313 944 1349 corpore
959 1297 1031 1334 ante

205 1351 269 1386 rite
281 1363 431 1399 purgato.
456 1348 630 1385 Moderate
642 1348 839 1396 adstringens
852 1349 895 1384 est
904 1351 1034 1393 vinum,

206 1403 259 1435 cui
279 1398 358 1435 rosae
378 1403 591 1442 incoxerunt‚
623 1397 738 1433 addito
761 1397 895 1433 modico
919 1411 1031 1433 croco:

209 1448 303 1498 quod
313 1447 431 1485 serviet
452 1447 492 1482 ad
513 1446 729 1495 generandam
751 1459 891 1482 carnem.
915 1451 962 1483 Vt
971 1460 1034 1496 po-

205 1497 269 1533 stea
279 1510 355 1533 caro
366 1499 475 1546 genita
488 1497 636 1531 cicatrice
645 1496 829 1530 obducatur
839 1521 849 1539 ‚
874 1496 1033 1530 utendum

208 1549 290 1582 vino
306 1547 536 1593 adstringente,
544 1557 618 1579 cum
629 1542 722 1591 gallis
732 1568 744 1588 ,
759 1541 831 1578 aloe
845 1569 854 1584 ‚
865 1547 896 1578 δι
908 1545 1032 1590 exiguo

195 1593 362 1633 salumine.
378 1595 476 1631 Vnde
487 1603 619 1628 notetur
630 1590 811 1626 differentia
832 1593 915 1625 inter
934 1604 1035 1637 gene-

208 1646 312 1678 rantia
323 1655 452 1678 carnem
462 1644 496 1676 in
509 1639 672 1675 ulceribus
684 1639 754 1684 aliis
768 1664 778 1682 ,
802 1644 830 1672 ὅ(
846 1641 1035 1684 generantia

207 1703 336 1726 carnem
349 1690 430 1725 hanc
449 1688 648 1737 angularem.
672 1690 761 1720 Nam
784 1687 817 1720 in
840 1685 947 1722 ulcere
968 1686 1036 1723 alio

207 1737 405 1775 adhibentur
425 1737 572 1773 ficcantia
587 1739 619 1769 &
649 1733 852 1782 detergentia
874 1738 954 1770 citra
978 1737 1036 1772 ad-

207 1787 420 1831 stri5tionem‚
433 1799 472 1821 ne
483 1783 616 1820 crassum
626 1795 870 1819 excrementum
881 1784 1038 1821 cohibea—

210 1846 277 1871 tur:
291 1846 323 1870 at
334 1837 368 1869 in
378 1835 627 1883 aggeneratione
640 1831 737 1878 hujus
751 1831 946 1879 carunculae,
961 1832 1038 1870 cum

211 1884 347 1921 nervosa
357 1882 407 1929 fit,
419 1895 501 1932 opus
511 1882 556 1918 est
565 1884 668 1929 magis
696 1878 898 1917 siccantibus.
920 1887 1039 1933 Itaque

214 1938 247 1969 δ(
260 1931 325 1968 hoc
336 1933 506 1969 convenit.
518 1933 688 1969 R.Tutiae
700 1941 833 1979 praepar.
849 1928 949 1976 aloes,
962 1931 1042 1968 thu-

212 1983 256 2017 ris
266 1994 325 2016 ana
334 1980 524 2016 drachmam
539 1995 548 2016 ε
572 1978 701 2015 infund.
726 1981 760 2013 in
770 1978 853 2014 succi
873 1980 1040 2027 granator.

212 2041 287 2064 unc.
307 2041 356 2065 ιν.
370 2029 551 2064 colaturam
561 2030 596 2064 in
607 2026 764 2076 angulum
773 2026 901 2064 instilla.
918 2032 964 2065 Et
973 2028 1042 2065 haec

211 2076 327 2126 saepius
339 2090 374 2112 ac
385 2077 443 2113 diu
452 2076 732 2125 facienda‚quibus
743 2076 897 2126 equidem
908 2079 968 2114 vix
984 2079 1044 2115 ad-

214 2124 281 2161 huc
290 2137 420 2161 curatur
432 2125 487 2161 hic
497 2124 648 2160 affectus:
669 2125 762 2173 quod
783 2123 885 2172 ipsum
907 2139 1043 2176 quoque

213 2172 343 2223 {ignum
362 2174 408 2210 est
417 2200 428 2219 ‚
441 2172 631 2222 glandulam*
653 2172 734 2208 hanc
754 2187 822 2209 non
842 2187 963 2210 meram
974 2189 1045 2211 car-

215 2236 290 2259 nem
301 2222 373 2270 esse,
382 2222 435 2259 sed
444 2232 570 2271 partem
578 2219 802 2270 spermaticam
814 2247 826 2267 ‚
851 2223 900 2256 uti
918 2222 1044 2260 dictum

218 2271 274 2308 est.

266 2319 449 2357 Encanthis
472 2318 599 2368 optime
620 2315 774 2353 incifione
794 2329 946 2364 curatur,
968 2322 1046 2369 quia

217 2371 302 2404 acria
313 2374 346 2405 &
358 2369 528 2404 erodentia
549 2367 785 2402 medicamenta
808 2366 873 2403 fere
886 2365 1046 2403 fluxiones

219 2419 254 2452 in
265 2417 380 2454 oculos
393 2420 548 2453 excitant.
563 2415 762 2452 Cavendum
785 2427 894 2451 autem
904 2443 917 2461 ‚
944 2430 983 2451 ne
995 2419 1048 2451 ni-

221 2468 290 2502 mio
301 2465 373 2516 plus
384 2465 593 2502 rescindatur.
616 2465 711 2499 Facta
722 2464 876 2500 incisione
892 2465 1047 2501 albumen

221 2517 278 2550 ovi
289 2515 532 2565 conquassatum
544 2518 576 2549 &
593 2514 678 2563 aqua
698 2511 824 2550 rosacea
839 2513 1047 2550 commistum

221 2563 322 2598 oculo
331 2563 507 2601 commode
518 2562 705 2599 adhibetur.
730 2563 763 2595 Si
774 2561 999 2610 grandiuscula
1009 2562 1047 2598 sit

221 2612 400 2658 encanthis,
415 2615 460 2649 ita
471 2623 508 2649 ut
518 2611 579 2649 filo
590 2609 745 2661 prehendi
757 2610 852 2660 poffit
863 2636 877 2655 ‚
892 2613 1048 2646 convenit

220 2671 293 2694 eam
303 2658 403 2708 ligare
414 2666 446 2697 δι
459 2658 719 2709 stringere,ficuti
732 2671 881 2696 verrucas
891 2657 1046 2696 solemus:

223 2704 264 2742 fic
276 2710 363 2745 enim
375 2711 532 2757 paulatim
542 2709 695 2746 destituta
705 2707 861 2744 alimento
871 2705 984 2756 sponte
995 2722 1048 2743 ca-

224 2754 286 2791 dit.
298 2757 332 2790 Si
341 2756 533 2794 delicatulus
548 2756 666 2808 aliquis
678 2782 691 2802 ,
709 2768 764 2792 aut
775 2755 967 2793 muliercula
977 2757 1050 2792 istas

224 2802 408 2853 chirurgias
419 2805 556 2855 refugiat
571 2832 582 2851 ,
592 2807 761 2843 exedenda
770 2806 814 2842 est
825 2803 983 2854 superflua
993 2819 1050 2841 ca-

227 2864 267 2887 to
277 2849 419 2889 alumine
431 2853 515 2898 usto,
525 2854 579 2891 vel
589 2855 667 2891 oleo
682 2854 824 2900 vitrioli‚
834 2853 888 2890 sed
899 2854 983 2904 aqua
992 2867 1048 2890 rc»

225 2898 314 2937 facea
326 2896 380 2936 vel
391 2898 471 2936 lac-te
482 2903 630 2938 corresto
641 2901 693 2939 seu
703 2914 932 2951 attemperate.
957 2907 1050 2938 Inte-

226 2952 291 2985 rim
299 2947 381 2985 dum
401 2947 508 2985 1sthaee
520 2947 710 2997 usurpantur
720 2979 733 2997 ‚
756 2949 924 2988 derenfivo
934 2950 1050 3000 aliquo

226 2996 342 3034 oculus
352 2995 561 3041 muniendus,
567 3010 605 3032 ne
616 2994 720 3035 fluxio
731 3001 865 3036 incidat.
891 3005 982 3036 Inter
992 3000 1049 3036 ista

226 3058 356 3082 carnem
365 3042 586 3082 consumentia
594 3057 797 3098 unguentum
817 3050 1050 3097 AEgyptiacum

228 3107 364 3144 quoque
373 3092 430 3131 est.
453 3095 540 3131 Mite
551 3092 595 3131 est
606 3095 720 3130 vin'urn
732 3093 786 3130 vel
805 3108 888 3143 aqua
898 3122 910 3140 ‚
931 3100 965 3132 in
986 3109 1051 3145 qua

543 163 692 205 vop:
731 164 1181 203 FORTVNATI

1243 162 1540 196 PLEMnIr

1072 221 1239 260 ebullierit
1249 221 1389 259 alumen.
1415 226 1603 272 Antequam
1616 221 1684 258 haec
1694 222 1893 262 admovean-

1074 282 1140 315 tur,
1154 269 1274 321 semper
1287 273 1439 322 praemitti
1450 269 1570 306 debent
1580 271 1739 319 generalia
1750 299 1761 317 ‚
1771 273 1892 310 scilice}

1073 322 1239 370 purgatio,
1250 335 1340 357 venae
1351 319 1461 365 sectio,
1474 318 1687 356 cucurbitulae
1696 325 1761 357 &c.

1263 420 1525 456 CAPUT
1574 420 1713 456 XIX.

1257 515 1358 565 (De...
1380 515 1540 582 ‘pustulis
1560 534 1703 565 corneae.

1077 619 1188 760 P
1207 614 1319 651 Vssula
1329 614 1381 650 seu
1401 611 1537 650 vcficula
1548 639 1559 659 ,
1571 613 1687 652 Graece
1700 611 1904 664 Phlyecaenass

1198 663 1243 699 est
1254 676 1390 710 exiguum
1411 676 1510 698 cornea
1523 665 1701 698 tuberculum
1713 667 1862 710 procedens
1877 665 1900 702 ὰ

1199 724 1328 747 materia
1344 712 1484 759 icharosa.

1247 764 1298 797 132
1310 761 1455 797 modoin
1475 759 1639 809 superficie
1659 759 1719 806 fit,
1739 761 1842 798 modo
1864 765 1900 800 in

1077 808 1255 858 profundo.
1281 810 1420 846 Constat
1439 812 1527 846 enim
1539 812 1648 844 tunica
1659 823 1775 845 cornea
1786 811 1900 849 multis

1077 859 1274 894 membranis
1284 858 1470 895 densissimis
1481 871 1516 893 ac
1527 858 1716 895 fortiffimis.
1735 858 1901 909 Aliquan-

1077 907 1124 943 do
1137 906 1220 955 ergo
1245 906 1302 943 sub
1324 911 1425 956 prima
1446 906 1633 942 membrana
1650 906 1808 956 pustulam
1828 908 1900 947 fieri

1077 959 1262 1003 contingit3
1285 956 1461 1006 aliquando
1480 954 1538 992 sub
1573 955 1710 992 secunda
1728 967 1784 992 aut
1803 961 1902 996 tertia
1951 955 1953 957 ¹

1077 1003 1229 1041 confistst.

1418 1104 1552 1168 Cazfie.

1130 1198 1236 1240 Causa
1255 1199 1452 1250 pustularum
1465 1198 1509 1235 est
1528 1201 1662 1235 materia
1682 1199 1829 1237 ichorosa
1850 1198 1905 1238 seu

1079 1246 1180 1287 serosa
1203 1251 1236 1284 in
1259 1263 1376 1284 cornea
1398 1247 1565 1285 consistens
1589 1273 1601 1292 ‚
1629 1248 1766 1299 camdue
1784 1250 1906 1286 disten-

1079 1299 1158 1334 dens
1170 1326 1181 1344 ‚
1202 1310 1274 1347 quae
1288 1297 1480 1347 plerumque
1500 1298 1580 1332 acris
1600 1297 1655 1341 est,
1671 1303 1703 1333 δι
1715 1299 1905 1342 corrodens;

1081 1349 1185 1396 qualis
1196 1347 1252 1391 est,
1264 1360 1335 1396 quae
1348 1346 1588 1393 ophthalmiam
1600 1350 1792 1392 committit,
1804 1360 1905 1397 quam

1081 1399 1180 1432 etiam
1190 1395 1442 1444 frequentiffime
1455 1393 1507 1431 vel
1518 1395 1667 1430 comitari
1678 1394 1782 1432 solent
1792 1396 1906 1445 pustu-⁴

1081 1443 1134 1489 lae,
1146 1443 1197 1480 vel
1209 1442 1370 1491 subsequi.

1408 1542 1565 1604 Signa...

1133 1642 1189 1674 An
1204 1642 1237 1674 in
1248 1646 1366 1675 cornea
1378 1637 1510 1687 pustulae
1524 1637 1584 1674 fint
1598 1663 1607 1683 ‚
1621 1637 1653 1674 δε
1667 1651 1736 1688 quo
1745 1637 1823 1676 lo'co
1831 1652 1910 1676 c0r⁴

1086 1694 1170 1732 neae,
1180 1687 1386 1736 cognoscitur
1398 1686 1479 1723 visu.
1492 1687 1555 1722 Sed
1568 1699 1635 1723 arte
1646 1701 1727 1736 opus
1738 1688 1794 1734 est,
1804 1700 1841 1723 ut
1850 1701 1911 1724 co-

1085 1735 1257 1783 gnoscatur
1268 1762 1278 1781 ,
1308 1751 1347 1772 an
1361 1738 1394 1772 in
1416 1735 1582 1785 superficie
1591 1750 1716 1772 corneae
1727 1735 1913 1783 confistantj

1086 1798 1126 1820 an
1138 1787 1172 1820 in
1183 1784 1361 1835 profundo·
1377 1785 1535 1823 Noscitur
1544 1786 1696 1821 autemid
1707 1783 1761 1821 sic:
1775 1786 1797 1820 u
1808 1795 1914 1821 mate-

1086 1835 1133 1870 ria
1143 1833 1182 1870 sit
1192 1838 1275 1870 inter
1295 1835 1517 1872 membranam
1536 1831 1589 1870 seu
1609 1836 1766 1870 corticem
1787 1845 1915 1870 cornea

1087 1886 1233 1932 primum
1244 1888 1275 1920 &
1289 1882 1463 1920 secundum
1474 1909 1485 1928 ,
1495 1882 1621 1932 pustula
1631 1895 1761 1932 apparet
1773 1885 1877 1933 nigrat
1887 1882 1915 1923 ss

1089 1934 1176 1969 inter
1186 1935 1320 1969 tertium
1333 1937 1365 1968 δι
1378 1942 1545 1982 quartum,
1557 1930 1630 1967 alba
1639 1933 1783 1969 videtur.
1807 1933 1916 1980 eujue

1091 1984 1285 2030 apparentiae
1299 1983 1385 2017 ratio
1396 1980 1459 2016 alia
1469 1981 1617 2016 reddit-ur
1625 1979 1667 2016 ab
1676 1979 1816 2017 Avisena
1827 2008 1838 2027 ‚
1850 1982 1915 2022 alia

1092 2033 1133 2066 ab
1146 2032 1265 2066 Aetio.
1279 2028 1429 2066 Avisenae
1442 2032 1528 2065 ratio
1543 2027 1610 2064 haec
1621 2028 1666 2065 est
1682 2029 1778 2066 :dum
1790 2031 1916 2079 pustula

1091 2078 1136 2115 est
1145 2078 1366 2128 superficialis,
1378 2092 1445 2114 non
1459 2077 1613 2126 prohibet
1626 2076 1784 2115 visionem
1795 2083 1916 2118 tunice

1093 2139 1209 2170 uveae;
1231 2128 1312 2164 dum
1331 2127 1376 2164 est
1385 2126 1748 2176 profunda‚prohibet.
1769 2130 1917 2178 Qndo'
1964 2151 1969 2157 x

1093 2188 1161 2212 non
1194 2176 1324 2213 rohibet
1337 2202 1347 2221 ,
1358 2174 1411 2212 sed
1424 2189 1507 2212 uvea
1518 2175 1650 2211 videtur
1663 2202 1673 2221 ,
1685 2175 1753 2212 haec
1776 2176 1852 2214 cum
1864 2181 1918 2215 ni-

1092 2236 1151 2271 gra
1174 2237 1211 2270 rt,
1233 2225 1276 2260 est
1287 2227 1320 2259 in
1331 2223 1421 2260 causa
1430 2250 1442 2269 ,
1452 2224 1545 2272 quod
1557 2223 1681 2271 pustula
1690 2225 1850 2272 nigricans
1860 2240 1919 2276 ap-

1093 2284 1215 2319 pareat.
1244 2277 1292 2308 At
1303 2272 1425 2320 pustula
1439 2272 1602 2320 profunda
1620 2271 1796 2319 prohibens
1815 2275 1918 2311 intui-

1096 2330 1168 2354 tum
1180 2334 1285 2365 uveae,
1299 2319 1375 2355 cum
1385 2318 1506 2355 sistatur
1517 2322 1551 2354 in
1561 2316 1626 2367 ipsa
1634 2318 1758 2367 pustula
1767 2322 1920 2368 intuitqu
1958 2358 1965 2365 κ

1097 2367 1238 2404 albicans
1248 2379 1389 2417 apparet,
1439 2368 1508 2403 uod
1517 2367 1581 2416 ipsa
1597 2366 1668 2402 alba
1680 2367 1718 2403 fit
1728 2392 1740 2412 ,-
1759 2370 1920 2417 producta

1097 2414 1216 2452 scilicet
1227 2419 1244 2453 ὲ
1261 2419 1396 2453 materia
1407 2430 1424 2451 a
1439 2416 1479 2451 ba
1488 2412 1601 2452 setosa.
1613 2419 1693 2451 Haec
1704 2415 1854 2455 Avisenae
1867 2433 1920 2456 ra-

1097 2467 1148 2500 tio
1158 2465 1322 2513 ingeniosa
1332 2465 1376 2501 est
1386 2492 1397 2510 ‚
1410 2470 1442 2500 &
1453 2465 1646 2514 plerumque
1669 2479 1744 2500 vera
1758 2481 1767 2508 ;
1787 2464 1841 2503 sed
1860 2482 1920 2505 ex-

1096 2512 1245 2561 plicanda
1258 2519 1289 2549 &
1303 2513 1475 2550 limitanda
1486 2516 1640 2561 magis‚ut
1650 2512 1771 2562 semper
1782 2514 1820 2551 sit
1830 2530 1920 2554 vera.-

1099 2562 1228 2598 Pustula
1238 2563 1317 2610 ergo
1332 2562 1536 2611 superficialis
1548 2562 1668 2610 semper
1678 2575 1808 2611 apparet
1817 2567 1923 2614 nigra,

1100 2612 1233 2660 quando
1245 2612 1302 2647 stat
1317 2622 1388 2646 ante
1400 2611 1558 2659 pupillam
1567 2637 1577 2656 ,
1602 2610 1655 2646 vel
1676 2614 1774 2647 etiam
1785 2614 1922 2662 quando

1098 2672 1172 2695 ante
1183 2664 1362 2708 marginem
1374 2673 1465 2695 uveae
1476 2686 1487 2704 ‚
1508 2660 1589 2695 dum
1599 2658 1655 2694 ille
1666 2659 1733 2707 ejus
1745 2674 1858 2709 margo
1870 2665 1923 2698 ni-

1098 2720 1155 2756 ger
1162 2709 1224 2753 est,
1245 2709 1393 2757 adeoque
1405 2708 1485 2744 dum
1496 2708 1609 2744 oculus
1621 2707 1664 2743 est
1675 2711 1765 2756 niger
1779 2711 1815 2750 331
1826 2710 1922 2747 colo-

1099 2770 1133 2792 re
1153 2760 1238 2793 enim
1261 2759 1415 2805 marginis
1436 2771 1527 2793 uveae
1549 2756 1637 2793 oculi
1667 2756 1925 2795 denominantur·

1099 2804 1164 2840 hoc
1175 2804 1228 2840 vel
1239 2804 1299 2840 illo
1311 2805 1421 2841 colore
1433 2806 1579 2855 praediti.
1590 2808 1694 2849 Tum,
1709 2808 1854 2855 inquam,
1865 2821 1922 2856 ap-

1098 2865 1187 2901 paret
1209 2853 1332 2901 pustula
1354 2856 1446 2902 nigra
1467 2880 1478 2900 ‚
1498 2857 1575 2904 quia
1594 2855 1711 2901 species
1732 2857 1923 2903 nigricantis*

1097 2900 1229 2951 pupillae
1239 2901 1298 2937 vel·
1311 2916 1403 2938 uveae
1424 2903 1465 2938 ad
1487 2901 1602 2938 oculos
1619 2901 1745 2938 nostros
1765 2905 1853 2938 venit
1861 2915 1921 2950 per

1097 2949 1257 2998 pustulam
1267 2950 1471 3000 diaphanam.
1483 2953 1585 2995 Dico,
1595 2949 1799 2998 diaphanarm
1810 2953 1884 2999 quia
1894 2950 1920 2987 st

1097 2998 1223 3047 pustula
1236 3002 1360 3035 oriatur
1373 3000 1412 3035 ab
1421 2999 1482 3035 alia
1491 3001 1624 3035 materia
1634 3001 1761 3048 squam
1771 2994 1871 3034 setosa
1883 3004 1918 3036 &-

1100 3048 1234 3096 limpida
1248 3060 1301 3090 ,ut
1311 3060 1387 3096 puta
1396 3049 1507 3084 ichore
1520 3048 1680 3095 sanguinis
1699 3045 1921 3094 rubri-usculo,

1098 3096 1153 3133 vel
1166 3096 1238 3133 bilis
1248 3095 1439 3134 flaviusculo
1461 3123 1475 3143 ,
1492 3110 1565 3134 tum
1575 3101 1644 3132 haec
1652 3107 1719 3129 non
1731 3093 1918 3143 sequentur,

1862 3141 1919 3180 sed

1986 527 1990 597 1,

1986 604 1990 665 1
