1990 3386
229 149 295 183 140
586 138 619 170 V
652 139 687 172 O
710 135 747 168 P.

232 261 375 286 tremum
409 249 506 285 talem
538 250 689 294 ingerunt
729 244 1057 292 argumentationem:

233 300 384 333 Potentia
399 297 497 333 vjfiva
509 295 622 331 residet
635 297 667 329 in
686 293 809 343 pupilla
823 305 889 327 non
902 302 1011 326 autem
1027 294 1059 326 in

232 349 355 382 (atteris
366 346 509 395 partibus
521 342 623 387 oculi,
635 347 666 379 &
679 354 787 378 tamen
798 354 862 376 non
875 340 978 388 potest
990 338 1062 374 has-

233 408 268 430 ce
281 396 393 430 videre
404 420 414 438 ‚
430 406 487 428 nec
497 391 647 441 seipsam:
671 390 760 438 cujuss
782 388 871 425 nulla
884 389 987 437 potest
999 388 1060 423 alia

232 445 317 478 ratio
330 444 525 478 conveniens
540 442 685 488 affignari
700 466 709 484 ‚
730 438 786 474 nisi
808 439 883 487 quia
899 435 984 473 visus
998 450 1060 484 po-

231 490 324 526 stulat
337 491 483 526 medium
495 500 664 526 externum
677 516 686 533 ‚
711 487 774 523 fine
786 500 854 536 quo
878 499 943 521 non
956 485 1060 533 potest

235 539 339 574 ullum
349 539 514 583 obieetum
526 541 688 587 percipere
701 565 711 584 ‚
736 550 792 571 nec
803 535 938 583 speciem
949 535 989 569 ab
1001 547 1060 569 co-

232 586 308 623 dem
318 590 470 637 recipere.
486 587 588 636 Qd
602 589 624 622 li
636 585 706 634 ipsis
718 584 1060 631 objiciatur‚micatio-

234 648 289 671 nes
300 635 470 684 fulgorum
480 635 613 673 subinde
637 637 677 670 ab
687 632 791 670 oculis
812 636 896 667 intus
909 644 1059 679 compre—

236 683 347 720 hendi:
373 684 426 730 alii
437 684 630 734 respondent
651 697 717 718 non
737 682 795 718 esse
817 680 939 715 lumina
959 680 1015 714 illa
1024 681 1057 714 in

233 732 364 781 pupillis
376 733 542 779 haerentia,
555 731 607 769 vel
619 734 664 767 eis
685 733 840 778 contigua
852 755 863 773 7
886 725 1001 764 verum
1024 730 1057 762 in

237 782 348 817 medio
357 807 368 827 ‚
389 781 463 817 licet
481 796 583 831 parvo
603 780 657 816 vel
675 783 815 816 minimo
840 795 851 822 ·‚
874 776 1055 829 existentia„

237 828 307 876 Alij
320 844 361 866 ex
383 830 559 867 Aristotele
580 831 694 866 dicunt
707 855 717 874 ‚
737 828 905 877 fulgorem
916 852 927 871 ,
949 839 990 861 ex
1017 840 1058 861 eo

237 878 398 927 conspici,
412 881 490 929 quia
500 879 576 915 curn
595 879 729 915 fricatur
743 890 798 913 aut
819 877 978 925 premitur
997 887 1059 922 pu—

234 926 326 976 pilla5
339 942 402 963 una
414 930 479 976 ejus
493 942 562 977 pars
573 929 813 975 deprimitur,&
828 924 890 959 alia
899 922 1058 978 elevatur,

236 978 369 1024 ponitur
380 976 435 1013 'ue
446 977 462 1011 ὲ
473 979 608 1025 regione
619 975 754 1012 alterius
767 1001 777 1019 ‚
790 977 824 1008 in
836 986 933 1023 quam
945 975 1059 1025 impri-

237 1027 299 1060 mit
311 1024 357 1060 sui
369 991 505 1074 {eciem
519 1042 526 1063 ε
552 1026 644 1076 quod
662 1036 771 1059 tamen
794 1035 861 1057 non
882 1020 920 1056 fit
942 1025 1060 1072 ariique

237 1073 479 1123 medio‚nernpe
490 1077 574 1110 inter
587 1072 1055 1121 utramq3parteminter1e6to.

272 1122 352 1157 Haec
362 1120 381 1157 s
377 1135 433 1158 unt
455 1122 697 1170 Philosophorfi
709 1125 991 1168 interpretamenta
1000 1132 1061 1168 pro

237 1171 428 1216 Aristotele,
438 1171 546 1222 quae‚li
557 1173 629 1220 quis
642 1183 752 1219 aequus
762 1167 853 1217 supra
865 1168 1032 1221 dietorurn
1043 1168 1060 1203 ὲ

238 1220 334 1254 nobis
348 1219 446 1255 fuerit
460 1221 665 1263 aestimator‚a
678 1221 814 1254 veritate
826 1217 934 1252 aversa
945 1217 1002 1251 esse
1013 1220 1064 1252 la-

236 1267 299 1303 cil&
311 1268 443 1315 judicet.
474 1272 563 1304 Nam
574 1268 720 1315 fulgores
733 1269 831 1302 noftu
843 1267 1064 1313 percipiuntur

236 1315 277 1350 ab
288 1316 392 1352 oculis
403 1318 510 1365 preffis
522 1320 588 1352 etia
601 1315 712 1351 clausis
723 1315 896 1364 palpebri53
912 1314 992 1361 erg&
1006 1327 1064 1350 nec

236 1365 341 1412 potest
350 1367 415 1401 dici
426 1379 482 1401 eos
493 1368 528 1400 in
538 1377 680 1400 externo
690 1366 852 1411 contiguo
863 1366 937 1398 ae're
948 1363 1064 1397 obhae-

237 1426 308 1449 rere
318 1440 329 1459 ,
350 1427 455 1463 neque
468 1414 508 1449 ab
528 1413 707 1450 elevatiore
718 1411 809 1447 bulbi
822 1410 961 1447 ocularis
974 1421 1064 1459 parte

236 1461 370 1498 infernae
382 1464 628 1498 communicari.
641 1465 686 1496 Et
699 1459 887 1509 corpuscula
898 1459 974 1504 illa5
990 1472 1063 1508 quae

239 1515 271 1546 &
285 1524 361 1547 meo
376 1516 408 1546 ὃ(
420 1512 562 1548 aliorum
575 1508 735 1558 adspectui
747 1508 962 1545 obversantur
978 1521 1064 1548 ,non

235 1559 271 1593 in
282 1563 357 1595 a'e‘re
370 1571 507 1596 externo
517 1559 661 1596 volitant
672 1584 683 1603 ‚
701 1564 716 1602 (
730 1561 849 1607 quippe
860 1556 900 1592 ab
911 1555 1064 1592 adstanti-

239 1606 300 1642 bus
309 1622 444 1657 quoque
463 1609 618 1644 deberent
629 1607 793 1654 persentiri
806 1622 816 1649 3
830 1611 845 1649 )
866 1607 967 1652 igitur
978 1606 1065 1639 intus

236 1656 270 1691 in
295 1655 396 1692 oculo
416 1656 669 1693 concluduntur.
699 1659 753 1690 Ex
767 1656 885 1703 quibus
898 1653 978 1689 mihi
989 1655 1065 1702 qui—

239 1703 315 1740 dem
339 1706 511 1740 efficaciter
531 1706 621 1752 argui
644 1704 775 1738 videtur
785 1729 796 1747 ‚
817 1700 923 1739 visum
942 1715 1066 1750 nequa-

238 1765 338 1800 quam
358 1754 471 1788 medio
495 1764 636 1788 externo
669 1751 709 1788 ad
732 1753 959 1800 operationem
976 1748 1065 1786 suam

235 1801 448 1837 exercendam
459 1802 617 1849 indigere.

287 1852 333 1885 Et
344 1851 425 1886 vero
439 1861 630 1898 argumenta
645 1848 793 1897 opposita
803 1846 886 1883 nihil
897 1848 1065 1884 evincunt.

238 1898 329 1934 Nam
343 1900 435 1948 quod
457 1899 552 1934 color
571 1898 749 1948 superficiei
772 1897 906 1942 alicujus
930 1894 1066 1932 visibilis

239 1958 367 1993 organo
377 1950 551 1995 contiguus
563 1961 630 1982 non
640 1958 800 1992 cernatur,
810 1948 886 1981 inae
894 1943 1067 1994 haudqua-

239 2005 338 2041 quam
350 1994 401 2039 fit,
414 1997 490 2043 quia
502 1993 636 2043 speciem
659 1995 706 2032 sui
716 2005 855 2045 nequeat
865 2007 992 2041 organo
1002 1996 1067 2030 im-

237 2044 389 2090 primere.
412 2047 485 2079 Cur
498 2045 585 2078 enirn
596 2044 688 2091 quod
709 2043 837 2079 eminus
848 2042 974 2091 potest,
998 2057 1067 2078 non

237 2091 334 2137 poffit
342 2090 494 2126 cominus
507 2095 518 2128 ἓ.
542 2091 605 2126 Sed
619 2093 696 2140 quia
709 2091 840 2127 deficiat
862 2092 1012 2127 conditio
1025 2092 1067 2128 ad

237 2137 396 2174 visionem
410 2140 579 2176 necessario
591 2138 767 2175 desiderata
779 2166 789 2183 ‚
809 2140 981 2174 illustratio
989 2163 1001 2181 ‚
1015 2142 1067 2174 in-

239 2199 363 2235 quam5
386 2187 440 2224 vel
450 2188 544 2237 ipsius
556 2190 695 2236 organi,
716 2187 770 2223 vel
781 2191 825 2222 rei
839 2189 959 2223 Villlis:
976 2191 1067 2236 atqui

239 2233 310 2271 haec
320 2249 375 2284 per
384 2240 572 2273 contactum
581 2235 670 2272 oculi
683 2241 714 2272 ὅ(
728 2237 876 2272 videndae
888 2234 1067 2283 superficiei

240 2288 350 2319 omnis
370 2285 556 2322 excluditur
578 2302 587 2328 3
608 2287 718 2334 itaque
748 2296 861 2334 nequit
881 2282 951 2318 fieri
971 2283 1066 2320 viiio.¹

239 2332 341 2381 Qod
353 2333 375 2369 si
386 2332 512 2383 aliquid
522 2332 638 2369 luculae
654 2333 707 2369 vel
721 2347 882 2382 organum
903 2333 1064 2378 obtineat,

243 2386 259 2423 (
271 2383 350 2417 utin
361 2381 555 2430 quibusdam
576 2382 620 2418 est
644 2382 837 2418 animalibus
851 2385 867 2423 )
881 2380 932 2417 vel
944 2394 993 2415 res
1003 2381 1068 2429 ipsa

243 2428 342 2465 visilis
353 2458 364 2476 ‚
386 2431 439 2476 ajo
450 2430 533 2466 hanc
557 2428 662 2466 visum
672 2433 711 2466 iri
724 2447 732 2466 :
756 2429 911 2466 caeterum
932 2430 1067 2466 confuse

242 2488 338 2525 atque
351 2479 537 2528 imperfeeie
548 2478 593 2515 ob
606 2493 676 2514 eam
686 2481 860 2523 rationem,
872 2492 971 2527 quam
982 2478 1065 2515 infra

243 2528 386 2562 accurate
399 2528 583 2564 reddemus.
598 2527 701 2580 Qod
713 2528 855 2576 denique
866 2526 1029 2571 adferunt,
1042 2525 1067 2563 fi

243 2571 307 2607 fine
318 2587 452 2612 externo
465 2577 577 2612 medio
596 2578 678 2612 vilio
693 2575 848 2612 celebrari
867 2576 983 2623 poffit,
1004 2587 1067 2622 po-

243 2623 380 2657 tentiam
391 2624 528 2662 visivam
540 2624 814 2673 comprehendere
834 2624 952 2660 debere
963 2634 1068 2672 partes

250 2669 338 2704 oculi
353 2673 504 2718 internas,
517 2673 678 2709 frivolum
688 2674 741 2709 (st.
754 2675 889 2709 Etenim
899 2671 953 2707 vel
963 2682 1069 2721 partes

245 2714 310 2752 illae
323 2717 394 2753 sunt
405 2721 586 2769 diuphanae,
603 2734 638 2757 ut
651 2722 804 2758 humores
817 2749 827 2767 ‚
839 2720 986 2770 adeoque
994 2719 1066 2756 sunt

246 2766 392 2801 medium
402 2793 413 2810 ,
434 2781 498 2804 non
509 2773 666 2806 terminus
676 2769 822 2812 visioni53
833 2769 887 2805 vel
895 2782 1017 2818 opacae,
1029 2781 1066 2804 ut

246 2813 485 2850 circumstantes
508 2821 623 2854 tunicae
636 2845 647 2863 ‚
667 2831 764 2868 atque
785 2818 834 2854 liae
854 2817 930 2853 curn
952 2830 1066 2866 perpe-

246 2864 311 2897 tuis
320 2862 487 2913 denfisque
498 2866 637 2901 tenebris
654 2867 713 2902 {int
725 2866 850 2912 obsitae,
862 2880 928 2901 non
940 2868 1066 2914 possunt

245 2909 293 2948 sui
312 2914 452 2947 excitare
471 2910 645 2948 senfionem
671 2930 679 2948 ι
704 2916 985 2964 quemadmodum
1007 2928 1066 2950 ne*

247 2972 311 3008 que
321 2962 354 2995 in
365 2958 533 2996 obscurata
554 2964 677 2996 camera
690 2963 862 2998 circumsiti
881 2965 1018 3011 parietes
1030 2964 1064 2998 in

246 3008 358 3047 charta
374 3009 613 3057 depinguntur,
636 3008 752 3044 verum
772 3010 1065 3047 circumobfistente

244 3057 299 3093 fua
311 3059 441 3105 nigritie
451 3063 483 3094 δι
496 3056 611 3093 umbra
622 3057 766 3094 efficiunt
776 3082 788 3102 ‚
800 3069 835 3093 ut
848 3060 1064 3105 ingredientes

801 133 824 165 F
859 132 1012 168 ORT
1048 129 1299 170 VNATI
1346 129 1424 163 PL
1459 129 1491 164 E
1525 128 1695 166 MPII

227 196 365 249 speciem
378 199 424 237 sui
438 203 470 236 in
482 211 607 247 organo
620 210 687 233 non
700 191 908 245 propagabit.
932 197 988 229 Ad
1001 208 1061 229 ex-
1114 189 1291 252 specierum
1322 191 1438 249 luculae
1463 192 1611 230 vivacius
1640 192 1854 250 delineentur.
1888 189 1933 232 Εἰ
1978 209 1981 254 ἶ

1111 252 1192 276 vero
1204 241 1285 290 quid
1297 240 1410 277 multis
1422 254 1505 290 opus
1514 242 1557 278 est
1575 245 1586 280 ζ
1600 242 1771 280 Manifesta
1784 252 1881 292 atque
1890 257 1936 278 ir-·
1979 258 1987 283 4>

1111 287 1297 336 refragabili
1320 290 1664 345 experientiiplanum
1677 290 1734 337 fit,
1757 293 1842 342 posse
1852 294 1935 330 intra
1980 293 1988 331 vs·

1112 337 1247 373 oculum
1258 351 1326 373 rem
1337 339 1454 380 videri3
1468 352 1544 387 quia
1556 340 1617 384 illi,
1631 340 1749 388 quibus
1759 342 1935 389 deponitur

1112 382 1239 421 sufftsio
1249 399 1305 434 per
1317 401 1410 423 acum
1429 386 1530 423 oculo
1553 388 1705 425 intrusam
1720 415 1730 434 ‚
1753 389 1891 425 clamant
1905 389 1935 426 se
1981 394 1990 418 1²

1113 446 1205 468 acum
1217 434 1339 472 videre.

1159 486 1277 532 ltaque
1288 482 1439 532 cumjam
1461 483 1604 529 constet,
1627 485 1643 521 ὲ
1666 487 1827 521 contentis
1848 488 1934 523 intra
1984 492 1987 533 ζ

1980 354 1983 370 l

1983 453 1985 489 l

1110 527 1250 576 globum
1262 532 1349 567 oculi
1362 536 1488 570 moveri
1502 531 1657 568 visionem
1670 559 1679 577 ‚
1697 535 1869 582 quomodo
1882 548 1934 571 ce-
1984 567 1985 570 ,

1111 579 1199 614 lebre
1222 579 1305 616 illud
1329 582 1517 619 Aristotelis
1537 582 1704 617 theorema
1722 581 1852 618 defendi
1874 595 1936 632 po-
1984 584 1986 593 ¹

1111 626 1325 675 test‚Senfib11e
1343 631 1674 678 pofitumsuprasensiim
1696 643 1751 664 non
1763 631 1936 682 efficeresen-
1986 625 1987 642 ³

1104 675 1212 720 fionem
1223 703 1233 721 ‚
1243 679 1293 724 sed
1303 682 1539 725 mediumvequm
1550 705 1560 723 ‚
1584 680 1654 730 quod
1665 679 1713 714 hoc
1723 684 1758 718 (J
1764 683 1878 726 sensum
1887 695 1933 718 m-
1983 698 1989 735 ’Ὗ

1113 727 1271 769 u’rqctatur
1285 734 1298 764 ,Ρ
1322 731 1507 764 Tentarunt
1520 731 1600 773 vari]
1613 730 1715 763 varias
1728 728 1928 776 molitiones,v

1112 773 1231 821 quibus
1242 775 1367 813 dietum
1376 777 1546 812 theorema
1567 776 1629 822 jani
1643 774 1800 812 labascens
1824 777 1934 816 sufful-

1112 832 1224 858 cirent.
1252 824 1369 874 Aliqui
1388 825 1550 874 duplicem
1573 824 1803 872 distinguentes
1817 825 1936 867 senfio-'
1989 853 1990 856 =

1112 883 1199 915 nem,
1211 885 1308 908 unam
1316 874 1509 918 distinctam,
1522 873 1655 909 alteram
1665 872 1935 923 confustm‚ajunt

1112 919 1324 958 Aristotelem
1334 923 1374 958 de
1385 922 1525 972 perfecta
1535 921 1663 958 tantum
1684 921 1801 957 debere
1813 925 1935 962 intelli-

1112 970 1145 1014 gi
1157 982 1166 1009 3
1190 966 1309 1006 scilicet
1319 996 1330 1015 ‚
1351 971 1459 1008 sensile
1481 971 1621 1020 pofitum
1631 969 1722 1020 supra
1734 969 1855 1008 sensum
1867 988 1935 1013 non

1109 1017 1237 1052 efficere
1256 1017 1431 1056 sensionem
1451 1020 1624 1069 perfectam
1653 1021 1706 1057 seu
1736 1020 1931 1062 distinctam:

1113 1064 1178 1110 jam
1189 1067 1269 1103 vero
1282 1082 1353 1117 quae
1364 1072 1447 1105 intra
1456 1068 1591 1105 oculum
1602 1072 1687 1104 cerni
1699 1067 1837 1116 allegata
1848 1070 1932 1119 sunt,-

1114 1113 1248 1152 confusa
1292 1117 1434 1155 senlione
1464 1117 1572 1153 solum
1600 1119 1933 1166 comprehenduntur.

1114 1162 1185 1210 Alij
1213 1163 1310 1201 aliam
1346 1167 1587 1203 distinctionem
1619 1171 1768 1202 adierunt
1787 1192 1798 1212 ,
1819 1182 1933 1219 nempe

1115 1209 1292 1249 sensionem
1305 1214 1364 1250 effe
1384 1215 1437 1252 vel
1456 1215 1629 1264 positivam
1648 1215 1702 1251 vel
1721 1218 1930 1265 privativam.⁴

1116 1259 1294 1298 Positivam
1305 1262 1423 1300 finiunt
1434 1291 1445 1310 ‚
1467 1263 1524 1310 qud
1546 1277 1589 1299 res
1610 1263 1672 1299 νενὲ
1692 1270 1728 1303 (7
1746 1275 1797 1310 per
1805 1275 1932 1312 proprias

1113 1311 1254 1355 imagines
1271 1314 1449 1358 sentmntur.
1472 1315 1672 1349 Privativam
1685 1339 1696 1356 ‚
1714 1313 1770 1359 qud
1790 1325 1838 1359 per
1856 1318 1931 1351 alte-

1113 1369 1185 1400 παις
1207 1360 1289 1395 adeo
1303 1373 1338 1396 ut
1350 1361 1540 1398 fimulachra
1549 1388 1561 1407 ‚
1574 1376 1645 1412 quae
1658 1365 1691 1397 in
1701 1362 1804 1398 oculis
1815 1364 1931 1399 viden..

1115 1416 1190 1451 tur,
1212 1407 1295 1443 nihil
1317 1409 1406 1445 aliud
1427 1409 1509 1455 sint,
1529 1413 1628 1459 quarn
1639 1423 1743 1459 partes
1753 1425 1861 1447 rerum
1873 1427 1931 1448 ex-

1114 1464 1300 1502 ternarum,
1321 1472 1460 1507 quarum
1481 1458 1644 1507 adspetfftus
1662 1460 1707 1494 ob
1727 1461 1933 1507 interjectum

1114 1504 1148 1537 in
1158 1503 1264 1539 oculis
1286 1507 1417 1542 obicem
1435 1507 1601 1543 adimitur,
1622 1512 1739 1557 Itaque
1759 1508 1933 1556 politivarn

1113 1554 1277 1600 requirere
1288 1555 1436 1591 medium
1447 1558 1750 1604 ajunt3privativam
1759 1570 1826 1592 non
1837 1560 1932 1596 item:

1117 1610 1208 1648 atqui
1220 1614 1276 1649 per
1296 1601 1400 1650 hanc,
1423 1618 1489 1640 non
1509 1617 1563 1653 per
1587 1604 1678 1640 illam
1699 1631 1710 1650 ‚
1735 1618 1808 1655 quae
1828 1606 1934 1643 oculis

1117 1652 1271 1685 contenta
1286 1650 1358 1686 sunt
1367 1677 1378 1697 ‚
1399 1666 1486 1688 cerni
1497 1655 1710 1690 contendunt.

1164 1699 1269 1748 Q9d
1280 1701 1320 1736 ad
1331 1704 1476 1749 priorem
1496 1704 1795 1750 interpretationem
1807 1705 1936 1749 attinet,v

1116 1757 1175 1781 nec
1195 1747 1333 1794 probare
1353 1763 1424 1785 eam
1445 1750 1542 1786 valde
1561 1752 1676 1800 possirn
1698 1762 1711 1793 3
1738 1764 1798 1787 nec
1826 1763 1935 1789 tamen

1115 1796 1214 1831 etiarn
1223 1796 1352 1844 penitus
1361 1800 1570 1848 improbare,
1591 1799 1649 1835 nisi
1672 1800 1765 1849 quod
1785 1799 1937 1837 Philoso-

1116 1843 1174 1892 phi
1196 1843 1323 1881 locutio
1346 1846 1536 1883 universalis
1556 1850 1706 1884 videatur
1724 1858 1857 1885 omnem
1868 1848 1939 1886 sen-

1117 1892 1240 1929 tionem
1254 1895 1542 1944 comprehendenss
1556 1897 1719 1933 Posterior
1729 1909 1937 1948 nequaquam

1121 1942 1221 1990 recipi
1244 1944 1342 1980 debet
1365 1959 1374 1979 ι
1396 1958 1471 1981 nam
1490 1944 1546 1981 etsi
1567 1944 1755 1994 corpuscula
1778 1948 1811 1982 in
1831 1946 1937 1982 oculis

1119 1989 1340 2028 obvolitantia
1364 1995 1382 2029 ὲ
1403 1995 1558 2041 pertinaci
1588 2007 1745 2043 quopiam
1772 1995 1937 2044 privativa

1117 2036 1225 2074 solum
1237 2039 1359 2077 visione
1370 2045 1455 2077 cerni
1467 2042 1565 2093 posset
1575 2041 1740 2088 sustineri,
1761 2043 1937 2081 oculorum·

1118 2087 1231 2124 saltem
1242 2087 1485 2126 scintillationes
1496 2090 1633 2140 positive
1654 2092 1758 2128 videri
1768 2091 1939 2129 fatendum·

1123 2136 1178 2172 est:
1200 2139 1240 2172 de
1251 2138 1289 2184 ijs
1301 2142 1389 2174 enim
1401 2154 1467 2175 non
1478 2140 1582 2188 potest
1591 2140 1657 2176 clici
1668 2167 1679 2186 ,
1692 2140 1783 2190 quod
1796 2140 1855 2176 fint
1864 2154 1939 2189 par-

1118 2197 1166 2220 tes
1176 2198 1284 2221 rerum
1294 2199 1512 2232 externarum,
1523 2203 1594 2237 quae
1607 2203 1673 2224 non
1684 2187 1938 2236 conspiciuntur.'

1167 2235 1250 2267 Sunt
1261 2237 1413 2280 praeterea
1427 2234 1502 2281 aiij,
1523 2239 1580 2285 qui
1600 2251 1636 2271 ea
1648 2250 1719 2285 quae
1730 2240 1812 2271 intra
1823 2236 1938 2272 oculos

1118 2279 1204 2325 sunt,
1215 2283 1322 2318 videri
1337 2282 1547 2329 assentientes,
1560 2285 1665 2320 videri
1677 2296 1786 2320 tamen
1794 2283 1858 2320 sine
1869 2299 1941 2320 me·-

1119 2330 1178 2364 dio
1189 2341 1318 2376 negant.
1334 2334 1423 2366 Nam
1434 2331 1559 2380 duplex
1569 2333 1767 2369 constituunt
1778 2333 1939 2369 medium:

1119 2387 1266 2412 externum
1279 2398 1292 2422 ‚v
1301 2390 1336 2413 ut
1346 2379 1390 2414 est
1401 2384 1457 2415 ae'r
1469 2407 1480 2425 ,
1494 2385 1524 2416 ὅ(
1538 2381 1599 2417 alia
1609 2395 1746 2430 corpora
1765 2380 1946 2430 perlucidaj·

1120 2430 1153 2461 δι
1165 2437 1322 2472 internum,
1333 2439 1370 2463 ut
1380 2431 1488 2464 tunica
1499 2443 1616 2466 cornea
1629 2435 1660 2465 ἃ
1673 2433 1827 2466 humores
1837 2430 1938 2469 oculi.

1119 2478 1235 2525 Itaque
1279 2489 1327 2511 uae
1358 2480 1392 2512 in
1422 2478 1527 2513 oculis
1548 2478 1789 2528 conspiciuntur
1809 2478 1940 2515 fimula-

1118 2522 1206 2568 chra,
1219 2535 1250 2558 et
1265 2539 1275 2560 1
1285 2538 1412 2562 careant
1420 2534 1555 2563 externo
1566 2530 1690 2573 medio,
1702 2528 1821 2563 habent
1830 2539 1939 2565 tamen

1118 2572 1296 2619 internum,
1307 2576 1460 2624 inquiunt
1473 2603 1483 2620 ‚
1497 2589 1552 2625 per
1564 2577 1655 2627 quod
1666 2579 1706 2614 ad
1714 2578 1850 2612 retinam
1859 2589 1941 2624 pro-

1119 2621 1239 2657 vehant
1250 2621 1317 2658 suas
1323 2622 1534 2671 species.Haec
1544 2624 1699 2661 sententia
1707 2627 1857 2674 quamvis
1868 2638 1940 2660 ma-

1119 2673 1241 2707 ximam
1254 2673 1355 2719 capiat
1366 2671 1613 2710 similitudinem
1624 2676 1768 2711 veritatis
1779 2698 1791 2718 ‚
1803 2675 1940 2710 minime

1118 2729 1227 2755 tamen
1239 2733 1314 2755 vera
1326 2721 1459 2756 estmam
1473 2728 1502 2757 ἅ
1516 2721 1580 2758 sine
1589 2724 1718 2757 interno
1730 2723 1842 2758 medio
1856 2722 1940 2759 visio

1118 2781 1233 2804 eorurn
1255 2794 1266 2813 ,
1297 2783 1368 2818 quae
1389 2769 1478 2806 oculi
1499 2771 1579 2806 orbe
1599 2769 1841 2807 concluduntur
1852 2798 1863 2815 ,
1884 2785 1939 2808 ce-

1117 2815 1236 2852 lebrari
1255 2819 1380 2866 potest3
1404 2830 1439 2854 ut
1460 2819 1542 2855 vifio
1562 2820 1674 2868 speciei
1698 2819 1883 2855 inhasrentis
1904 2823 1943 2856 in‘

1116 2863 1281 2912 spiritibus
1295 2868 1363 2914 post
1373 2869 1591 2904 remotionem
1605 2866 1740 2904 visibilis
1763 2869 1808 2903 rei
1821 2882 1829 2902 ε
1856 2870 1936 2906 item

1117 2911 1198 2949 visio
1210 2914 1304 2949 alieni
1316 2915 1449 2961 coloris,
1462 2929 1529 2964 quo
1541 2919 1650 2952 tunica
1661 2919 1764 2952 vitrea
1784 2918 1936 2964 proxime

1115 2961 1260 3008 adjacens
1269 2963 1430 3000 retiformi
1440 2964 1512 3000 effer
1522 2965 1660 3001 imbuta,
1672 2964 1802 3015 Qubus
1813 2964 1935 3000 cafibus

1115 3009 1242 3046 nullum
1252 3011 1296 3047 est
1307 3014 1469 3048 internum
1481 3012 1659 3049 humorum
1671 3014 1828 3057 medium,
1840 3014 1933 3062 quod

1113 3059 1198 3095 inter
1209 3058 1298 3096 vifile
1310 3059 1477 3098 &visionis
1487 3061 1733 3101 instrumentum
1742 3062 1938 3097 intercedat:

1814 3114 1932 3160 Itaque
