1990 3386
251 165 317 212 *¹8⁸2

226 217 232 221 Α
424 229 540 267 Vllum
558 227 699 264 dubium
716 226 763 264 est
772 254 784 275 ‚
794 229 874 279 quin
885 240 933 263 res
946 240 987 264 eo
997 227 1074 264 loeo

262 237 525 378 Nvideri
547 277 666 328 possit,
687 290 757 328 quo
788 276 922 313 minime
952 277 1073 314 existit:

422 326 525 363 velun
547 339 699 363 nummus
724 329 743 364 ὲ
753 338 839 364 certa
848 325 999 361 distantia
1010 339 1072 375 po-

421 375 548 424 fituque
557 388 625 411 non
634 389 651 411 a
674 389 785 425 parens
795 402 806 421 ‚
816 373 980 424 superfusa
990 378 1075 424 aqua

258 425 367 464 subit&
388 424 419 461 se
439 423 579 460 ostentat
599 437 640 460 eo
663 426 715 461 oci
726 450 737 469 ,
749 425 806 461 ubi
816 425 928 460 revera
941 436 1009 459 non
1019 423 1074 461 est.

257 477 431 514 Nimirum
451 475 578 509 nummi
597 470 714 522 specics
736 487 855 523 aquam
876 473 993 507 arctate·
1003 484 1077 520 per-

259 524 404 568 vadens,
425 527 460 559 δε
478 524 513 558 in
535 525 646 558 a'e'rem
659 520 940 570 veniens‚spargit
951 520 980 556 se
995 520 1072 567 late,

257 571 323 610 hoe
333 571 389 617 est,
400 583 436 607 ut
445 570 632 620 loquuntur
645 598 656 616 ‚
667 570 863 620 refrangitur
873 572 890 606 ὲ
902 571 1075 621 perpendi—

256 619 373 666 culari,
385 625 417 657 δι
430 619 588 669 ampliora
596 618 695 669 spatia
707 622 961 669 occupat,quam
970 617 1073 667 ipsum

255 673 382 707 nummi
393 681 509 718 corpus
523 684 531 705 ε
553 670 640 705 unde
659 671 786 704 nummi
796 670 982 704 extremitas
992 667 1072 714 illic,

255 717 314 753 ubi
328 719 483 763 videtur,
503 718 614 754 revera
626 731 694 752 non
705 717 748 753 cst
760 728 769 759 ς
783 722 814 753 ὃς
832 716 853 752 si
865 731 904 752 ex
917 719 982 753 acie
993 731 1074 752 con-

252 770 376 803 tuentis
397 766 489 803 oculi
513 765 620 803 versus
643 779 816 802 nummum
830 765 914 801 linea
924 766 1074 802 tendere-

249 826 320 861 tur,
331 830 407 852 eum
418 815 673 865 haudquaquam
684 817 869 863 attingeret.
906 816 984 850 Hoc
991 815 1071 863 ergo

251 862 296 900 est
306 874 398 901 extra
408 878 543 901 omnem
563 862 828 900 controversiam.

300 914 367 950 Sed
388 919 421 950 δι
443 913 508 950 hoc
531 926 591 962 pro
611 923 782 963 comperto
813 911 999 949 habendum
1016 911 1073 957 est,

250 962 337 1011 posse
346 976 416 999 rem
438 965 628 1012 quampiam
651 961 754 998 modo
766 962 911 1011 quodam
923 960 976 998 vel
988 965 1074 998 acci-

250 1011 351 1048 dente
371 1011 516 1048 affeetam
526 1012 630 1047 videri
642 1033 654 1055 ‚
664 1024 734 1060 quo
753 1021 862 1046 tamen
873 1011 948 1046 vere
962 1010 1072 1046 affecta

252 1071 321 1095 non
334 1061 389 1096 est.
407 1065 460 1097 Ita
470 1075 518 1096 res
532 1059 686 1110 quaelibet
706 1072 763 1108 per
774 1072 891 1109 aquarn
903 1058 1070 1108 conspecta

249 1109 408 1156 grandior
429 1108 636 1158 ampliorque
657 1110 788 1144 videtur
798 1135 810 1154 ‚
822 1110 920 1156 quam
933 1109 1008 1146 vere
1020 1107 1070 1145 fit:

249 1157 385 1194 baculus
395 1159 436 1194 ad
448 1159 656 1194 medietatem
674 1155 747 1192 suia
774 1172 821 1193 uae
832 1156 999 1193 immersus
1013 1172 1071 1207 ap-

251 1217 343 1254 paret
354 1207 473 1243 fra&us
488 1223 496 1243 ι
521 1205 648 1253 objecta
658 1171 798 1241 vffibffia
807 1219 862 1254 per
874 1208 999 1242 vitrum
1013 1221 1071 1244 co-

248 1256 393 1291 loratum
402 1253 547 1304 adspesta
558 1257 637 1291 vitri
649 1254 797 1291 colorem
808 1254 963 1290 referunt.

301 1302 430 1339 Verum
454 1304 564 1339 isthaec
585 1303 712 1353 aliaque
739 1305 774 1340 id
792 1317 894 1352 genus
915 1303 975 1340 hic
1002 1317 1069 1340 non

247 1364 441 1402 quaeruntur
456 1369 464 1389 z
492 1364 524 1388 at
535 1355 669 1401 petitur,
682 1367 721 1388 an
732 1366 780 1388 res
789 1355 823 1387 in
835 1366 942 1388 rerum
956 1364 1070 1389 natura

247 1400 406 1451 nusquam
425 1401 562 1438 existens
582 1415 650 1437 non
670 1413 768 1451 queat
800 1400 942 1450 usurpari
963 1401 1071 1438 oculis

246 1449 299 1487 seu
309 1450 432 1487 videriss
447 1451 508 1488 Ista
518 1474 529 1495 ,
542 1464 614 1501 quae
635 1450 741 1487 modo
753 1452 1024 1496 memoravimus,
1035 1452 1070 1487 in

244 1512 357 1536 rerum
379 1510 493 1536 natura
515 1502 629 1536 revera
638 1499 711 1536 sunt
726 1499 811 1545 ‚alio
823 1498 953 1535 tantum
963 1500 1069 1535 modo

246 1547 288 1583 ab
297 1547 403 1585 oculis
428 1547 671 1598 cognoscuntur
685 1575 697 1593 ‚
725 1550 826 1597 quam
847 1561 915 1597 quo
925 1546 1009 1594 sunt,
1022 1548 1068 1586 ob

243 1594 422 1646 specierum
432 1611 548 1646 nempe
558 1596 787 1634 refractionem
796 1602 828 1631 &
842 1595 1065 1633 infestionem.

246 1646 364 1694 Longe
375 1645 465 1682 aliud
475 1647 520 1682 est
531 1670 542 1692 ‚
554 1658 697 1696 quaerere
709 1673 722 1692 ‚
733 1659 773 1681 an
792 1658 840 1680 res
853 1658 921 1681 non
931 1645 1067 1682 existens

247 1695 344 1744 poffit
356 1695 474 1731 videri.
874 1734 876 1737 ,

295 1743 352 1778 Ad
365 1742 534 1792 quaefitum
544 1755 611 1777 non
632 1753 730 1779 nemo
750 1743 880 1790 promte
892 1739 1067 1794 responde-

243 1789 306 1835 bit,
317 1790 423 1825 videri
432 1803 499 1825 non
511 1790 595 1838 posse
605 1799 673 1827 rem
685 1804 752 1827 non
763 1792 965 1836 existentem3
974 1807 1065 1842 quae-

243 1837 446 1888 fiionemque
474 1841 533 1875 effe
564 1838 726 1889 exquifitu
756 1841 926 1889 indignam
940 1858 949 1878 :
982 1841 1066 1879 vifio

244 1889 365 1937 quippe
385 1890 528 1924 exerceri
540 1902 607 1924 non
617 1890 704 1937 potis
715 1887 758 1925 est
769 1913 780 1935 ‚›
805 1890 862 1927 nifi
883 1890 1001 1941 species
1024 1892 1066 1927 ab

243 1935 378 1983 objecto
388 1938 422 1971 in
431 1936 567 1973 oculum
577 1939 727 1974 mittatur
740 1954 748 1974 :
761 1939 802 1973 ab
811 1939 943 1988 objecto
953 1951 1064 1977 autem

245 1985 405 2034 nusquam
415 1987 449 2022 in
457 1997 567 2022 rerum
577 1997 692 2022 natura
712 1987 867 2024 existente
877 1989 994 2039 species
1006 2003 1066 2027 ve-

245 2035 295 2068 nit
304 2033 404 2075 nulla;
414 2037 488 2084 quis
506 2035 650 2083 ambigat
662 2038 675 2071 ζ

294 2081 522 2118 Nihilominus
539 2083 620 2118 dum
631 2095 832 2121 commoveo
850 2085 1064 2124 sacrainclusa

242 2127 302 2167 sub
322 2129 406 2167 laeva
425 2142 515 2179 parte
534 2130 688 2167 mamillae
699 2157 711 2177 ‚
731 2137 857 2181 reperio
899 2137 1063 2185 quaedam‚

244 2177 348 2227 eaque
365 2191 434 2214 non
445 2178 593 2228 vulgaria
606 2206 616 2225 ‚
638 2194 711 2239 quae
724 2186 924 2219 contrarium
933 2183 1065 2222 suadere

244 2228 376 2276 poffint.
402 2231 517 2277 Atque
541 2239 577 2264 ut
586 2228 684 2264 altius
704 2228 803 2277 paulo
815 2229 879 2265 hoc
890 2234 1064 2280 negotium

242 2275 355 2312 ordiar
369 2290 379 2318 3
397 2278 432 2312 in
448 2275 590 2314 confess‘o
609 2277 696 2327 apud
717 2276 995 2327 Philosophorum
1006 2294 1066 2316 na-

243 2326 371 2360 tionem
382 2324 537 2371 arbitror‚
550 2338 616 2362 non
630 2340 763 2362 omnem
774 2325 897 2363 sensum
910 2326 1063 2377 adstringi

244 2373 286 2409 ad
306 2373 476 2422 objectum
501 2374 636 2410 existens
649 2401 660 2419 ‚
679 2374 731 2411 sed
752 2375 792 2410 ab
804 2374 967 2426 aliquibus
978 2379 1065 2426 polle

241 2421 395 2470 cognosci
407 2421 534 2469 objecta
544 2423 585 2458 de
595 2424 707 2460 medio
716 2422 852 2460 sublata.
876 2429 964 2461 Nam
982 2426 1064 2462 mal-

242 2470 332 2507 leum
353 2469 520 2508 sonantem
540 2471 667 2507 eminus
690 2472 859 2509 auditione
882 2476 1064 2523 percipere—

244 2518 336 2564 mus,
357 2520 413 2556 etfi
431 2520 472 2555 ab
490 2520 640 2569 impresso
660 2520 726 2556 ietu
737 2521 872 2557 malleus
883 2534 1064 2560 verteretur

244 2569 279 2602 in
299 2568 450 2605 nihilum.
480 2572 568 2606 Rem
589 2569 728 2606 odoram
747 2568 845 2618 longe
857 2571 999 2607 diffitam
1009 2572 1063 2608 ol-

238 2615 326 2652 fastu
336 2617 696 2666 comprehenderemus,
704 2617 760 2655 etfi
768 2644 780 2663 ,
792 2618 963 2668 postquam
974 2620 1062 2656 odo-

242 2677 313 2700 rem
323 2665 364 2700 ad
376 2679 435 2701 nos
445 2663 605 2715 sparfiffet,
614 2666 763 2703 funditus
772 2666 945 2704 delei-etun
958 2671 1061 2718 Qd

240 2712 293 2748 his
300 2712 431 2748 duobus
441 2717 556 2751 damus
566 2741 578 2761 ,
591 2729 649 2751 cur
673 2715 754 2752 visui
765 2715 912 2753 sensuum
923 2717 1062 2756 nobilis-

242 2759 323 2797 fimo
333 2760 544 2810 denegemus}
556 2765 746 2801 Iudicatum
756 2766 802 2800 ite
817 2791 827 2809 ,
840 2778 880 2801 an-
891 2778 958 2801 non
970 2766 1059 2804 idem

242 2809 414 2857 contingat
426 2810 506 2846 visui
518 2815 551 2847 in
561 2813 626 2849 hoc
637 2812 710 2849 casu
727 2829 735 2848 :
749 2813 857 2850 nullus
869 2814 925 2859 est,
937 2817 994 2865 qui
1005 2816 1058 2853 vel

242 2870 311 2893 non
330 2855 601 2905 feceritipsusmet
613 2888 624 2907 ‚
638 2861 692 2898 vel
711 2861 824 2898 saltem
841 2863 882 2899 ab
904 2862 975 2910 aliis
987 2863 1058 2901 fieri

239 2904 455 2953 conspexerit,
467 2906 620 2947 bacillum
632 2936 643 2955 ‚
654 2912 732 2948 dico
745 2932 754 2953 ,-
766 2911 821 2947 vel
832 2911 984 2949 fo‘mitem
1006 2915 1058 2962 ig-

241 2956 383 2993 niarium
393 2953 447 2991 seu
457 2952 567 2991 funem
590 2956 841 2996 bombardicum
851 2962 885 2995 in
894 2965 1059 2998 extremi-

241 3011 309 3040 tat'e
335 3002 524 3038 candentem
554 3003 699 3041 celeriter
732 3010 765 3042 in
800 3017 920 3057 gyrum
940 3013 1054 3047 rotari.

241 3051 316 3088 Hoc
337 3052 420 3087 dum
440 3053 565 3106 agimus
575 3077 586 3097 ‚
607 3052 757 3090 videmus
778 3057 936 3093 circulum
952 3069 1055 3095 uuum

609 158 775 199 vor»,
825 162 1315 204 FORTVNAT1
1361 158 1702 202 PLEM'PII

1866 218 1869 223 -
1981 209 1990 227 ¹!

1129 238 1231 265 tatem
1250 225 1362 264 bacilli
1378 226 1434 265 vel
1455 225 1541 265 funis
1562 241 1619 279 per
1637 240 1749 268 totum
1776 224 1955 282 circulurri?

1131 276 1279 326 adeoque
1297 277 1432 326 quando
1452 279 1564 314 revera
1585 282 1773 318 extremitas
1793 280 1839 317 est
1849 280 1951 326 infra,

1126 327 1286 362 cernimus
1306 325 1520 362 nihilominus
1542 336 1613 363 earn
1636 329 1669 363 in
1690 327 1802 366 circuli
1811 327 1963 368 summi--

1125 380 1202 409 tate.
1236 378 1309 410 Iarn
1321 374 1401 422 ergo
1422 373 1446 410 fi
1460 388 1500 411 eo
1511 383 1682 412 'momento
1694 403 1704 421 ,
1713 391 1781 427 quo
1793 377 1877 416 infra
1889 379 1947 426 est,-

1126 420 1223 457 tollat
1233 426 1325 458 Deus
1337 423 1354 458 ὲ·
1365 424 1477 459 medio
1496 423 1703 473 destruxitque
1718 425 1871 463 bacillum
1882 443 1891 470 ς
1906 441 1948 466 an

1127 481 1194 505 non
1210 469 1302 520 supra
1324 469 1377 506 seu
1396 474 1431 507 in
1449 470 1632 508 summitate
1652 473 1765 510 circuli
1778 475 1947 513 videbitur

1125 530 1175 553 res
1196 533 1263 555 non
1286 519 1436 557 existens}
1475 522 1676 570 Inquirenda
1696 533 1804 560 tamen
1813 523 1882 561 haec
1894 538 1950 560 ac-

1126 567 1266 652 curittius
1278 594 1289 614 ,
1314 576 1345 604 ὅ(
1367 569 1566 607 audiendum
1575 595 1587 615 ,
1607 571 1688 620 quid
1709 574 1822 609 contra
1843 577 1949 623 regeri
1986 587 1990 594 ·

1171 622 1178 651 1
1195 628 1231 653 it.
1684 636 1688 641 ·

1123 622 1168 663 po
1178 667 1277 701 Dicet
1289 667 1389 715 igitur
1397 666 1526 717 aliquis:
1539 665 1688 703 auditum
1701 667 1835 717 quidem
1845 669 1886 706 ad
1899 672 1948 709 res
1989 668 1990 671 ¹

1127 725 1194 764 non
1204 714 1371 752 existentes
1383 714 1412 752 se
1422 715 1507 766 posse
1517 718 1688 752 extendere
1703 745 1714 762 ‚
1728 730 1768 752 eo
1780 718 1872 767 quod
1883 720 1950 755 ob-
1980 724 1984 764 ζ·

1126 764 1207 809 jecta
1216 764 1283 811 ejus
1305 769 1456 801 emittant
1473 764 1493 801 s
1509 767 1590 801 ecies
1603 783 1613 810 ‚-
1628 761 1699 815 quae
1711 770 1859 815 nequein
1871 782 1949 805 mo..
1981 767 1982 770 ’

1127 824 1241 848 mento
1251 825 1307 860 per
1317 815 1462 849 medium
1473 779 1506 850 lie?
1513 823 1680 863 penetrant
1690 841 1701 859 ‚
1714 823 1819 864 neque
1830 815 1871 851 ab
1881 816 1946 853 ob-
1982 842 1983 860 ;

1126 860 1215 905 jectis
1225 862 1408 910 dependent
1419 865 1452 898 in
1463 860 1667 907 conservari,
1690 869 1726 899 ut
1734 862 1903 914 loquimur
1913 864 1948 904 in
1982 861 1983 864 ¹

1124 907 1254 946 scholis.
1285 911 1381 946 Idem
1403 915 1436 947 in
1457 911 1612 957 odoratu,
1633 911 1791 961 hujusque
1811 912 1951 961 objeffis

1126 956 1287 997 usuvenit.
1314 963 1403 1009 Qu
1421 961 1500 1009 ergo
1512 958 1628 1009 species
1646 959 1796 1009 superstes
1817 963 1875 999 effe
1884 977 1948 1012 po·-

1125 1007 1185 1057 test
1196 1033 1206 1052 ,
1220 1007 1346 1054 sublato
1369 1009 1501 1056 objesto
1512 1035 1523 1052 ‚
1543 1008 1620 1044 inde
1631 1009 1687 1054 est,
1699 1010 1792 1058 quod
1804 1010 1872 1046 haec
1882 1011 1948 1048 ob-
1989 1040 1990 1056 z

1124 1058 1245 1106 jectum
1253 1070 1349 1108 queat
1359 1057 1459 1094 sensui
1468 1056 1690 1107 repraesentare
1701 1058 1792 1107 aeque
1804 1073 1840 1095 ac
1850 1059 1874 1096 fi
1884 1060 1950 1106 ola-3
1986 1063 1990 1097 ἶ

1124 1107 1245 1150 jectum
1266 1108 1425 1145 existeret.
1451 1110 1516 1145 Sed
1541 1108 1673 1144 enimin
1686 1106 1756 1145 visu
1767 1121 1816 1145 res
1824 1108 1949 1160 longis*
1987 1123 1990 1155 j

1125 1152 1202 1189 fime
1213 1155 1298 1192 secus
1309 1157 1419 1192 habet:
1434 1166 1509 1193 nam
1520 1161 1552 1192 &
1566 1155 1661 1203 hujus
1673 1155 1839 1202 objefitum
1848 1156 1951 1207 speci-2
1987 1160 1990 1177 ³

1125 1216 1158 1238 es
1169 1201 1236 1241 suas
1246 1217 1302 1254 per
1312 1205 1496 1255 longiffima
1508 1203 1606 1254 spatia
1627 1213 1798 1242 momento
1806 1207 1948 1244 eiacula-

1126 1261 1191 1296 tur3
1204 1258 1235 1289 δι
1245 1253 1317 1290 illas
1326 1256 1371 1289 ita
1392 1254 1559 1291 conservat
1571 1281 1582 1298 ‚
1594 1265 1630 1289 ut
1651 1268 1691 1290 ne
1703 1257 1859 1303 temporis
1870 1259 1948 1307 qui-

1124 1300 1199 1337 dem
1209 1305 1332 1351 puneto
1343 1303 1473 1340 valeant
1483 1330 1495 1349 ,
1506 1302 1668 1339 destructo
1680 1302 1825 1349 objecto,
1835 1303 1947 1354 super..

1124 1350 1193 1387 effe.
1220 1359 1330 1401 Qre
1349 1355 1495 1401 ineptum
1523 1351 1567 1388 est
1583 1377 1594 1396 ‚
1605 1350 1768 1397 censere‚a
1780 1350 1850 1389 visu
1860 1354 1948 1403 poffe

1125 1401 1356 1448 comprehendi
1368 1415 1416 1437 res
1440 1415 1507 1438 non
1518 1400 1698 1437 existentes.
1729 1401 1831 1450 Qd
1841 1404 1883 1439 ad
1892 1416 1948 1440 ca·-

1121 1445 1191 1482 sum
1202 1450 1431 1497 exemplumve
1442 1449 1577 1485 aliatum
1587 1452 1726 1498 pertinet
1739 1464 1748 1484 ε
1759 1453 1848 1488 runis
1857 1454 1948 1501 igni-

1124 1501 1175 1530 tus
1192 1497 1350 1533 velociter
1362 1502 1619 1546 circumgyratus
1640 1497 1680 1532 εό
1699 1497 1835 1545 speciem
1846 1501 1946 1538 refert

1122 1548 1305 1581 continuati
1328 1546 1460 1592 circuli,
1510 1546 1578 1581 uod
1599 1551 1666 1580 tarn
1685 1545 1754 1582 cito
1768 1550 1810 1584 ad
1819 1548 1945 1599 singula

1121 1604 1304 1631 revertatur
1312 1594 1424 1643 spatia,
1436 1606 1471 1630 ut
1495 1593 1586 1629 ensus
1595 1605 1735 1642 nequeat
1747 1597 1947 1647 distinguere

1120 1652 1176 1677 aut
1196 1642 1366 1692 agnoscere
1389 1641 1561 1680 intervalla
1571 1669 1582 1687 ‚
1602 1641 1655 1679 sed
1675 1644 1890 1692 apprehendat
1909 1649 1945 1686 in

1121 1692 1277 1728 omnibus
1301 1689 1366 1728 illis
1389 1691 1495 1741 spatijs
1515 1690 1610 1730 fimul
1629 1693 1763 1729 existere
1783 1693 1872 1743 quafi
1891 1709 1946 1732 re..

1118 1738 1290 1788 plicatum,
1301 1740 1376 1778 cum
1387 1752 1496 1778 tamen
1517 1737 1640 1790 singula
1664 1739 1832 1779 succeffive
1843 1743 1948 1781 occu--⁴

1117 1799 1182 1836 pet.
1212 1790 1310 1826 Vnde
1330 1789 1353 1826 fi
1363 1817 1374 1836 ‚
1396 1791 1488 1841 quod
1508 1793 1642 1840 ponitur
1654 1816 1665 1835 ,
1685 1792 1777 1827 Deus
1786 1790 1897 1829 funem
1907 1796 1944 1834 in

1117 1845 1207 1884 parte
1218 1838 1332 1875 circuli
1340 1839 1494 1878 inferiore
1516 1841 1706 1878 existentem
1715 1841 1749 1874 in
1760 1839 1844 1884 nihil
1851 1844 1942 1880 redi-

1116 1897 1207 1933 geret
1218 1887 1326 1932 5nihil
1334 1888 1426 1938 supra
1439 1888 1492 1924 vel
1503 1886 1637 1937 usquam
1656 1889 1691 1923 in
1702 1887 1828 1924 circulo
1834 1891 1944 1931 oculis⁴

1117 1939 1324 1982 hauriretur;
1342 1941 1420 1989 quia
1438 1936 1558 1974 scilicet
1569 1935 1652 1973 nihil
1665 1937 1705 1973 ad
1717 1936 1939 1981 summitatem

1117 1984 1172 2021 vel
1183 1986 1260 2023 alias
1278 1987 1391 2024 circuli
1411 1998 1518 2036 partes
1538 1997 1756 2023 reverteretur
1779 2001 1788 2021 ε
1803 1990 1941 2035 perinde

1116 2045 1216 2084 atque
1226 2039 1261 2072 in
1273 2036 1385 2074 multis
1395 2035 1476 2072 locis
1485 2035 1655 2084 replicatus
1665 2033 1783 2078 homo,
1792 2036 1815 2073 ss
1825 2039 1860 2075 in
1870 2051 1941 2076 uno

1117 2085 1301 2133 occidatur,
1324 2086 1448 2136 ubique
1459 2088 1554 2135 perit.
1899 2124 1901 2131 ¹
1935 2083 1940 2089 ⁴

1165 2139 1250 2185 Q
1259 2135 1419 2183 per-certe
1433 2132 1517 2170 belle
1528 2135 1636 2170 totam·
1645 2133 1726 2170 hanc
1739 2140 1808 2173 rem
1820 2135 1941 2185 eitplas

1116 2194 1193 2219 nare
1205 2185 1361 2221 videntur
1372 2197 1407 2220 ac
1419 2182 1509 2233 quas1
1529 2183 1701 2227 conficere.
1724 2187 1772 2219 At
1783 2183 1941 2223 obluctor-²

1115 2240 1224 2267 tamen
1235 2258 1246 2276 ‚
1269 2237 1301 2267 &
1323 2243 1359 2268 ut
1370 2231 1475 2269 acrius
1486 2233 1611 2277 in‘stern²
1625 2230 1759 2279 securim
1770 2232 1870 2269 radici
1883 2236 1936 2270 in..

1114 2276 1197 2314 fero.
1220 2282 1291 2315 Aio
1302 2281 1469 2325 videlicet,
1481 2280 1649 2315 infirmum
1659 2305 1671 2324 ,
1684 2280 1753 2314 imo
1764 2280 1934 2321 ruinosum

1115 2325 1173 2361 effe
1184 2326 1436 2365 fundamentum
1446 2354 1457 2373 ‚
1471 2341 1539 2377 quo
1550 2329 1698 2363 nituntur
1708 2330 1821 2365 contra
1833 2327 1934 2366 senti-

1114 2385 1215 2420 entes,
1227 2378 1284 2426 qui
1294 2376 1435 2412 statuunt
1452 2377 1569 2425 species
1581 2374 1736 2420 visibiles,
1749 2375 1860 2412 ablato
1869 2379 1934 2415 ob-

1115 2422 1200 2467 jecto
1212 2451 1223 2470 ,
1245 2438 1285 2461 ne
1306 2437 1478 2461 momento
1500 2424 1635 2475 quidem
1655 2423 1740 2472 posse
1759 2424 1933 2473 perfistere.

1114 2472 1172 2507 Est
1182 2474 1316 2523 quidem
1334 2473 1419 2510 illud
1429 2474 1488 2509 hac
1497 2474 1658 2510 creditum
1678 2483 1770 2508 tenus
1782 2494 1796 2518 ‚⁴
1804 2473 1858 2511 sed
1869 2474 1935 2512 fal-

1114 2521 1164 2557 εὸ.
1190 2526 1279 2558 Nam
1291 2530 1324 2560 &e
1335 2521 1509 2559 delumine
1529 2522 1618 2558 idem
1631 2520 1728 2571 usque
1740 2522 1846 2559 adhuc
1855 2537 1933 2562 cen-³

1111 2566 1233 2607 suimus
1244 2585 1358 2613 omnes
1372 2583 1499 2608 :tamen
1511 2583 1596 2606 nunc
1603 2582 1693 2605 certo
1705 2572 1932 2619 cirperimento

1114 2619 1250 2665 constat,
1261 2620 1345 2670 posse
1355 2619 1465 2656 lumen
1484 2620 1542 2656 diu
1554 2618 1712 2669 perfistere
1723 2631 1758 2653 ac
1768 2617 1932 2668 superesse,

1110 2665 1239 2703 sublato
1250 2681 1386 2719 corpore
1398 2668 1522 2705 lucido.
1549 2673 1727 2704 Inventum
1752 2667 1797 2703 est
1805 2682 1872 2705 non
1882 2672 1931 2708 ita.

1109 2717 1205 2764 pride
1216 2719 1250 2752 in
1261 2726 1340 2765 agro
1354 2715 1550 2754 Bononiensi
1561 2714 1665 2752 foffile
1676 2716 1824 2764 quodch,
1835 2719 1929 2767 quod

1109 2767 1198 2802 certa
1210 2768 1337 2801 ratione
1349 2767 1540 2815 praeparatfi,
1560 2763 1689 2814 lucique
1699 2763 1847 2812 expositu
1858 2780 1930 2805 eam

1109 2814 1156 2848 ita
1165 2813 1311 2860 imbibit,
1324 2826 1422 2864 atque
1433 2817 1479 2851 ita
1489 2817 1646 2852 tenaciter
1655 2810 1713 2847 fibi
1725 2814 1928 2863 incorporat,

1109 2871 1157 2908 ut,
1167 2861 1190 2898 fi
1200 2861 1462 2900 loco‘tenebroso
1482 2876 1523 2900 ex
1542 2861 1635 2898 theca
1647 2861 1858 2910 depromtum
1870 2877 1929 2901 ex-

1106 2920 1247 2958 ponatur
1259 2937 1270 2955 ,
1295 2923 1484 2962 conceptam
1505 2911 1611 2948 lucem
1640 2908 1929 2961 conservatamque

1106 2960 1193 2995 haud
1204 2958 1290 2996 secus
1309 2974 1345 2996 ac
1355 2963 1426 2998 vivi
1446 2961 1601 2996 carbones
1619 2972 1685 2995 non
1694 2956 1757 2993 fine
1768 2960 1929 2995 intuenti—->

1106 3018 1162 3044 um
1184 3009 1399 3045 admiratione
1422 3009 1596 3046 diffundat.
1619 3012 1672 3044 Ita
1691 3017 1800 3043 autem
1819 3006 1861 3041 ad
1870 3006 1925 3045 lu-
1966 3044 1970 3049 ,

1104 3067 1175 3093 cern
1186 3057 1412 3095 imbibendam
1431 3066 1639 3108 praeparatur.
1661 3055 1756 3105 Lapis
1768 3053 1821 3089 vel
1838 3056 1924 3091 int'e-

236 3104 430 3149 continuum
438 3101 578 3149 ignitum
590 3127 602 3149 ,
614 3114 649 3154 ac
659 3101 889 3151 cousequenter
899 3109 1055 3148 extremi-
1101 3118 1174 3154 ger,
1184 3105 1207 3143 fi
1215 3118 1314 3157 purus
1323 3104 1361 3144 fit
1373 3111 1405 3143 &
1419 3105 1564 3145 melioris
1577 3115 1676 3149 notae,
1688 3105 1722 3136 in
1733 3101 1867 3138 furnulo
1879 3105 1921 3140 ad

1690 3150 1725 3188 id
1737 3150 1922 3189 constr-ussto
