1990 3386
231 192 277 240 μ’
585 189 618 224 V
645 190 679 223 O
704 183 745 220 P}

240 260 299 290 Hoc
309 254 438 290 haudiea
447 250 496 300 est,
509 248 617 287 scribit
635 243 795 291 Scaliger,
816 252 884 286 quta
905 250 967 275 tum
983 252 1039 276 non

230 303 270 349 fit
281 307 310 337 in
317 305 432 350 spiritus
451 301 584 346 tmprt'ssw
605 298 694 329 alsam
706 294 743 326 ad
753 303 810 326 rem
822 299 957 343 intentor.
971 292 1042 336 Igi-

237 363 289 386 tur
300 354 435 401 requirit
445 348 568 395 insuper
578 342 640 392 ipse
649 341 818 392 spirituum
829 340 1043 391 intentionem

236 400 277 435 ad
289 400 378 435 istam
396 402 430 433 in
450 398 549 433 oculo
571 395 749 438 imaginum
770 390 1041 423 efformationem.

242 448 329 498 iQd
353 448 432 483 vero
457 445 589 480 tandem
607 439 663 475 illa
683 439 822 474 intentio
843 432 896 470 vel
906 437 1043 469 attentio

234 496 404 544 spirituum
414 491 538 538 est,nisi
549 488 723 526 efficientia
736 484 844 535 aliqua
868 484 980 536 anima:
991 480 1043 517 seu

237 555 370 580 conatus
390 546 472 578 circa
494 536 669 588 impressam
708 535 864 583 picturam
881 529 1043 584 spiritibus

238 592 329 628 velut
352 589 542 628 administris
555 585 629 622 usatl.
654 587 734 619 Non
754 594 841 615 enim
862 591 928 626 capi
942 579 1044 625 potest

236 640 401 676 intendere
430 639 615 688 quempiam
644 631 684 666 ad
717 629 825 672 aliud,
859 630 938 677 quin
961 629 1044 662 circa

238 691 326 725 idem
345 699 418 736 agat
438 686 576 735 aliquid,
597 681 665 717 imo
686 684 717 714 &
739 677 870 724 satagat.
894 676 1043 711 Omnino

239 740 342 786 igitur
362 741 397 772 in
427 734 550 771 visione
583 732 668 766 aetio
697 727 846 776 qnaedam
867 726 1042 759 concurrit.

240 786 321 821 Sane
345 780 422 821 cum
443 784 550 819 omnis
583 776 701 821 sensio,
724 775 871 822 operatio
901 769 937 806 sit
960 773 1043 807 vita-

234 834 287 879 lis,
298 832 380 869 vifio
393 844 524 882 quoque
536 828 681 878 operatio
693 827 765 859 erit.
816 871 820 876 .

284 883 349 918 Sed
369 881 450 931 quid
470 880 510 915 acl
533 873 754 916 Aristotelem,
767 865 953 919 quisensum
964 865 1045 921 alte-

238 933 398 966 rationem
426 927 601 979 quamdam
621 921 678 958 esse
707 920 807 955 dixit}
834 918 985 951 Dicimus
1002 915 1045 949 il-

239 977 308 1014 lum
330 978 442 1015 dixisse
477 975 560 1012 ῐεὲὶὲ
577 989 586 1016 ;
616 972 660 1007 est
680 971 766 1004 enim
784 965 1044 1021 alteratioxquae-

239 1028 370 1063 damzat
389 1024 496 1062 hercle
518 1037 584 1058 non
603 1032 682 1069 pura
709 1023 740 1053 ὅ(
762 1014 842 1058 sola,
866 1024 983 1048 verum
993 1011 1044 1047 so-

238 1078 322 1111 ciam
340 1075 459 1110 habens
482 1074 652 1108 actionem.
686 1065 788 1113 Q>d
807 1065 858 1097 lib.
883 1075 914 1097 2.
927 1064 961 1095 de
973 1066 1045 1096 Ani—

239 1136 287 1159 ma
309 1134 370 1170 cap.
392 1137 427 1170 4.
448 1123 536 1157 idem
559 1131 627 1153 non
656 1112 788 1150 obscure
813 1108 961 1153 insinuat,
982 1110 1047 1145 do.-

237 1185 311 1208 cens
332 1175 472 1208 animam
491 1168 654 1204 effeftricis
674 1161 771 1197 causae
805 1162 965 1194 rationem
985 1158 1045 1194 ha-

239 1220 326 1267 bere,
338 1223 414 1271 quia
435 1230 547 1254 ornnes
569 1213 749 1249 functiones
772 1207 958 1243 viventibus
966 1219 1045 1255 pro-

237 1272 320 1317 prias
329 1270 499 1318 exequitur
511 1271 542 1300 δέ
554 1259 775 1311 administran

289 1318 346 1353 Est
364 1329 472 1353 tamen
491 1313 572 1349 alius
606 1304 794 1345 Aristotelis
822 1302 914 1338 locus
932 1314 1046 1338 contra

239 1380 298 1402 nos
316 1368 367 1402 lib.
391 1378 419 1412 3.
439 1367 471 1399 de
489 1370 594 1397 Anima
611 1367 672 1403 cap.
698 1369 729 1390 2.
751 1352 939 1406 ‘ubi'tradi't'
953 1362 1045 1386 eum-

238 1416 313 1451 dem
323 1414 380 1450 esse
398 1415 504 1448 atfrum
522 1406 624 1445 sensus
647 1413 678 1440 ἃ
701 1402 821 1448 οὺ]εὲὶι
840 1397 1046 1446 circaipsurm

238 1467 340 1500 verba
361 1462 428 1508 ejus
457 1459 540 1496 sunt:
570 1455 678 1500 Senfilis
713 1453 750 1489 (φ
777 1448 903 1501 jfnfirzvt
931 1450 1045 1494 unusest

238 1517 326 1549 aerias.
349 1510 413 1547 Sed
443 1508 564 1545 constat
594 1508 701 1538 aetum
730 1497 848 1534 sensilis
868 1498 903 1531 in
922 1494 1046 1532 sensum

237 1562 296 1597 esse
326 1559 563 1608 impressionem
597 1550 721 1600 speciei3
752 1546 831 1594 ergo
855 1544 912 1580 ille
929 1546 991 1579 erit
1012 1550 1045 1580 &

239 1611 327 1644 aestus
345 1605 447 1644 sensus
467 1603 520 1640 seu
541 1600 640 1638 sensio
658 1597 743 1646 apud
764 1592 985 1637 Aristotelem,
1012 1598 1046 1628 δι

237 1670 307 1693 non
326 1656 406 1691 alter
427 1651 624 1701 consequens
653 1645 765 1695 speciei
795 1642 1046 1689 impressionem,

238 1707 327 1741 Huic
351 1717 414 1752 ego
432 1715 499 1738 nori
527 1697 616 1735 aliud
636 1690 820 1742 responsum
841 1689 935 1741 volo,
945 1691 1047 1744 quam

237 1754 330 1803 quod
349 1756 396 1788 D.
420 1749 570 1785 Thomas
583 1749 615 1781 in
625 1752 814 1780 commento
833 1737 975 1786 ejusloci
988 1739 1047 1774 ad-

237 1804 314 1847 fert,
337 1799 469 1842 scilicet,
491 1796 638 1832 eamdem
659 1793 717 1827 esle
751 1789 912 1823 actionem
929 1785 1047 1838 sensilis

240 1856 272 1887 ἃ
285 1848 423 1886 sensitivi
443 1848 527 1880 circa
545 1842 724 1892 potentiam
743 1839 926 1880 identitate,
948 1846 985 1870 ut
995 1842 1048 1872 10-

238 1911 397 1949 quuntur,
414 1894 557 1941 subiecti,
579 1893 662 1925 circa
682 1888 774 1938 quod
792 1884 844 1930 fit,
868 1890 901 1920 &
925 1897 959 1919 in
979 1898 1047 1933 quo

239 1949 404 1995 recipitur.
438 1937 660 1977 Subtiliffime:
685 1938 764 1986 quia
793 1936 883 1986 idem
901 1933 944 1968 est
963 1932 1048 1969 visus

239 1997 393 2043 recipiens
423 1993 456 2025 in
486 1988 515 2025 se
552 1989 715 2023 aCtionem
747 1982 869 2029 01)]εὲὶί
899 1979 1049 2028 visibilis,

241 2056 312 2093 quae
335 2042 379 2078 est
399 2037 561 2086 impressio
579 2034 705 2083 speciei3
728 2043 825 2079 atque
835 2032 932 2065 etiam
945 2032 1049 2067 afflo-

240 2105 315 2126 nem
336 2091 500 2139 propriam
518 2085 693 2119 efficienter
710 2083 728 2117 ὲ
749 2079 778 2115 se
797 2078 951 2124 elicitam,
973 2094 1045 2129 quae

238 2139 282 2175 est
293 2140 386 2175 vilio.
408 2142 525 2183 ltaque
534 2146 575 2167 ex
586 2133 649 2166 hoc
659 2126 849 2173 Philosophi
859 2126 1047 2164 testimonio

239 2201 305 2223 non
325 2188 481 2236 probatur
490 2207 501 2226 ,
514 2179 660 2216 eamdem
672 2176 729 2212 effe
741 2176 914 2217 actionem,
926 2175 1046 2224 realem

241 2237 333 2272 illam
351 2235 525 2283 specierum
546 2226 784 2275 impressionem
813 2235 848 2256 ac
876 2224 1046 2269 visionem,

237 2283 290 2321 scd
312 2283 430 2327 solum,
455 2276 548 2329 quod
569 2279 602 2311 in
624 2279 711 2310 iciem
730 2271 911 2318 subjeetum
931 2273 1047 2320 recipi-

239 2345 348 2369 antur.-
369 2331 436 2366 Vbi
455 2338 545 2369 nota,
565 2326 664 2373 quam
684 2320 775 2356 acute
798 2326 830 2354 &
845 2329 1047 2368 quantojure

239 2382 371 2417 divinus
392 2374 580 2415 Aristoteles
601 2369 746 2420 saepicule
765 2368 914 2412 ediderit,
940 2368 1048 2414 sentire

244 2436 259 2472 (
273 2435 303 2463 δε
316 2427 544 2477 consequenter
564 2421 676 2456 videre
697 2423 712 2461 )
733 2418 1049 2464 effeafflci&pana11'..

240 2480 319 2522 quid«
330 2477 464 2524 Duplici
484 2473 571 2508 enim
581 2470 706 2504 ratione
727 2467 872 2515 potentia
882 2465 981 2500 vil-iva
991 2478 1048 2513 pa-

242 2529 323 2561 tiens
343 2527 407 2561 dici
423 2521 537 2572 potest:
553 2522 613 2553 una
625 2542 636 2561 ,
657 2516 797 2565 respectu
813 2512 987 2562 specierum
1007 2514 1048 2549 ab

241 2573 370 2619 objeclo
380 2572 622 2620 productarum:
636 2564 746 2610 altera,
756 2561 896 2611 respedffii
906 2560 1051 2607 visionis„

244 2635 342 2671 quam
352 2622 465 2655 itidem
483 2622 516 2652 in
535 2615 564 2651 se
584 2613 761 2660 subjective
790 2611 916 2658 recipit.
936 2614 1049 2659 Atque

245 2670 396 2706 haetenus
417 2671 460 2702 ita
478 2663 691 2701 monstratum
711 2661 900 2708 sit‚'praeter
911 2656 1002 2694 illam
1014 2661 1048 2694 in

244 2720 348 2754 retina
367 2715 541 2764 specierum
561 2722 778 2757 recepnonem
793 2735 804 2752 ,
823 2708 944 2760 requiri
966 2708 1047 2758 quid

245 2765 334 2802 aliud
344 2765 535 2806 efficientiae,
547 2770 582 2794 ut
595 2757 781 2794 absolvatur
791 2756 883 2792 viiio.

294 2813 362 2849 Vbi
391 2810 451 2846 alia
481 2809 540 2844 sese
570 2809 688 2854 ingerit
709 2806 844 2855 quastio
862 2801 972 2839 multe>
990 2801 1051 2838 hac

245 2861 389 2911 superata
403 2855 601 2899 fillebrofior,
622 2855 714 2903 Qd
728 2854 882 2890 videlicet
895 2854 999 2897 Alasit,
1010 2864 1050 2886 an

244 2915 319 2948 altio
338 2912 420 2944 realis
441 2910 477 2945 (y
496 2904 604 2954 physica
624 2905 728 2935 baveris
750 2911 915 2943 terminum,
936 2913 983 2944 qui
998 2910 1049 2945 per

245 2973 308 2996 eam
327 2962 510 3004 producatur:
540 2964 579 2985 an
599 2950 664 2986 verb
692 2956 820 2993 qualitas
835 2953 932 2994 potius
954 2954 1054 2993 aliqua-

239 3010 292 3056 fit,
314 3008 402 3058 puta,
424 3013 528 3039 notitia
545 3008 674 3045 potentia:
704 2998 812 3043 vifivae,
836 2995 893 3042 qud
910 2999 1052 3041 pisturam

245 3071 274 3092 m
293 3056 434 3102 rettsorrm‘
453 3047 641 3096 recognoscifi?
663 3047 873 3081 Doctiffimus
895 3043 1050 3080 Vallefius

246 3107 297 3143 lib.
312 3119 345 3141 ι.
360 3113 453 3141 contr,
475 3102 554 3135 Mede
573 3105 635 3142 cap.
656 3106 710 3141 50.
721 3096 755 3129 in
766 3090 925 3130 vestibulo
934 3094 1049 3139 pedem

793 178 1270 219 FORTVNAT1
1317 172 1649 215 PLEMPIt

1093 239 1182 286 sistit,
1203 254 1262 277 nec
1286 242 1392 289 pergit
1428 240 1526 277 ultra.
1561 243 1607 276 Et
1626 238 1698 276 sane
1718 241 1820 287 magis
1840 237 1906 274 fo'i:

1094 287 1166 324 tasse
1189 290 1390 326 conducebat
1420 289 1461 325 ad
1502 291 1692 337 opfnioncm
1720 288 1813 322 bona:
1833 290 1909 322 exi:

1094 336 1287 373 stimationis
1319 337 1481 373 silentium
1514 338 1590 382 hic,
1656 338 1731 371 uam
1763 335 1907 371 audaciai

1094 387 1140 420 rei
1170 389 1257 421 enim
1289 384 1442 422 abstrusio
1472 385 1646 434 prohibet,
1680 389 1712 419 &
1735 383 1912 431 ergastuluss

1095 433 1274 469 intellectus
1296 448 1362 470 non
1384 437 1505 482 patitur
1526 434 1567 468 eo
1590 446 1648 469 nos
1659 443 1835 480 penetrare,
1849 445 1911 467 un-

1095 482 1190 518 deest
1211 483 1351 518 eruenda
1379 483 1436 518 ista
1456 481 1597 519 scientia.
1621 485 1676 516 Ne
1695 492 1803 515 tamen
1825 483 1910 516 inter

1096 528 1177 565 alios
1208 529 1396 566 insanientes
1429 533 1491 566 una
1527 543 1601 564 cum
1640 527 1782 564 Vallesio
1806 527 1912 576 sapere

1096 579 1220 623 videar,
1240 591 1333 627 agam
1356 584 1388 615 &
1414 592 1477 627 ego
1496 577 1645 614 chorum.
1670 576 1733 612 Sed
1746 589 1846 624 apage
1858 576 1909 622 sis,

1097 625 1210 661 clinice
1240 627 1450 672 medicaster,
1481 640 1521 661 ne
1557 626 1617 661 tibi
1662 623 1807 660 ludibrio
1838 624 1908 662 sim:

1097 676 1212 723 Longe
1244 675 1444 724 probabilius
1474 674 1530 710 esse
1561 672 1684 718 censeo,
1714 673 1912 710 intercedere

1097 724 1130 757 in
1177 722 1344 760 effe-stione
1378 723 1511 760 visionis
1540 736 1651 758 veram
1693 726 1724 757 &
1757 723 1913 769 praedica-

1097 772 1272 808 mentalem
1310 774 1471 815 aCtionern
1491 771 1663 806 habentem
1685 771 1854 818 proprium
1877 776 1914 807 δε

1097 820 1303 856 intrinsecum
1342 823 1519 857 terminum
1549 832 1605 868 per
1644 819 1744 867 ipsam
1788 819 1914 866 produ-

1097 869 1200 913 ἃυῐη,
1221 872 1278 918 qui
1298 869 1342 904 est
1370 869 1501 917 ipsamet
1521 867 1624 912 vilio,
1648 879 1683 902 ut
1705 865 1748 901 est
1774 866 1912 916 qualitas

1097 921 1246 965 quaedam
1275 917 1451 953 informans
1481 915 1570 952 suam
1603 917 1794 964 potentiam.
1830 919 1912 951 Pro-

1099 964 1142 1000 bo
1154 965 1287 1013 singula.
1311 964 1403 1002 Visio
1428 978 1495 1000 non
1519 974 1640 1013 pendet
1664 966 1840 1013 &potentia
1862 967 1913 1000 vi-

1098 1011 1163 1048 siva
1193 1027 1249 1062 per
1282 1013 1371 1050 suam
1402 1015 1570 1049 entitatem
1603 1012 1718 1048 eadem
1757 1014 1912 1048 immuta—

1099 1061 1162 1096 bil‘r
1187 1063 1423 1111 dependentia:
1454 1063 1530 1111 quia
1563 1074 1626 1096 una
1659 1059 1838 1108 eademque
1860 1064 1914 1097 vi-

1099 1109 1145 1145 sio
1168 1111 1271 1159 potest
1293 1110 1363 1146 fieri
1383 1112 1401 1146 ὲ
1422 1108 1474 1145 sua
1499 1110 1644 1158 potentia
1654 1107 1915 1154 diversismodis,

1099 1171 1135 1193 ut
1170 1174 1205 1196 v.
1227 1172 1260 1207 g.
1283 1159 1487 1195 co'e'fficiente
1508 1159 1568 1194 hac
1587 1156 1687 1205 specie
1708 1155 1842 1202 visibili,
1858 1170 1914 1193 aut

1099 1206 1175 1253 alifi,
1189 1213 1219 1243 &
1234 1220 1309 1243 curn
1331 1207 1394 1242 hoc
1415 1206 1541 1242 auxilio
1561 1208 1641 1250 Dei,-
1672 1216 1726 1240 aut
1748 1218 1822 1239 cum
1836 1205 1914 1243 alioa

1100 1258 1165 1292 Sed
1177 1255 1353 1292 secundum
1372 1255 1433 1291 hos
1454 1253 1598 1290 diversos
1619 1254 1738 1290 modos
1751 1254 1914 1291 efficiendi

1098 1304 1214 1341 necesse
1224 1304 1268 1340 est
1279 1306 1399 1341 variari
1419 1305 1581 1339 aetionem
1607 1307 1638 1338 δέ
1650 1302 1913 1350 dependentiam,

1098 1352 1220 1389 etiarnsi
1251 1366 1318 1387 non
1349 1355 1491 1388 varietur
1523 1350 1606 1387 visio
1638 1350 1714 1400 ipsa3
1734 1352 1810 1398 quia
1831 1364 1914 1400 qua..

1097 1413 1237 1450 cumque
1275 1403 1401 1436 ratione
1436 1402 1579 1436 varietur
1609 1412 1728 1447 agenS,
1771 1401 1914 1436 variatur

1097 1449 1181 1484 aetio
1193 1476 1204 1496 ,
1226 1448 1281 1485 etfi
1304 1463 1370 1484 non
1383 1452 1523 1484 varietur
1540 1447 1679 1483 effestus.
1693 1447 1796 1482 Porro
1810 1461 1916 1496 quan-

1096 1496 1284 1547 documque
1297 1497 1335 1533 fit
1347 1522 1358 1541 ,
1379 1509 1416 1532 ut
1433 1497 1646 1545 dependentia
1667 1494 1708 1530 sic
1728 1499 1913 1533 varieturin

1097 1546 1210 1582 eadem
1224 1545 1391 1595 qualitate,
1402 1545 1445 1580 est
1455 1545 1580 1593 signum
1590 1544 1809 1588 certiffimum,
1820 1543 1912 1582 illam

1096 1594 1346 1643 dependentiam
1364 1594 1545 1630 distinctam
1575 1593 1632 1629 effe
1653 1595 1671 1628 ὲ
1695 1591 1751 1627 tali
1772 1591 1914 1640 qualita-

1097 1652 1152 1686 te,
1176 1648 1208 1679 δε
1229 1643 1349 1679 habere
1368 1655 1478 1678 veram
1500 1646 1531 1677 &
1562 1642 1726 1690 propriam
1754 1642 1915 1678 rationem

1097 1693 1244 1728 affitionis.
1256 1693 1364 1740 Igitur
1384 1692 1482 1727 etiarn
1492 1693 1527 1725 in
1540 1689 1662 1725 visione
1690 1688 1916 1736 distinguenda

1097 1739 1141 1774 est
1158 1753 1200 1775 ex
1221 1752 1334 1776 natura
1351 1742 1398 1775 rei
1427 1751 1504 1775 vera
1533 1741 1617 1773 affio
1636 1764 1649 1784 ,
1683 1751 1755 1786 quae
1776 1738 1813 1773 {it
1838 1750 1917 1773 cau-

1096 1785 1201 1823 salitas
1245 1791 1400 1838 potentiae
1438 1785 1537 1835 ipsam
1578 1787 1759 1822 efficientisa
1815 1786 1917 1823 Unde

1097 1836 1220 1873 constat
1239 1850 1372 1887 quoque
1393 1859 1406 1881 ‚-
1432 1836 1523 1871 illam
1544 1836 1703 1870 actionem
1723 1860 1736 1880 ,
1759 1845 1796 1869 ut
1826 1835 1916 1871 affio

1098 1884 1157 1930 est,
1166 1899 1232 1922 non
1242 1885 1299 1922 effe
1309 1887 1350 1921 de
1362 1897 1478 1933 genere
1488 1883 1669 1933 qualitatis,
1685 1885 1762 1932 quia
1780 1881 1824 1918 est
1843 1893 1917 1918 ten-

1097 1932 1208 1969 dentia
1233 1935 1274 1971 ad
1300 1933 1458 1971 visionem
1481 1951 1494 1977 ,-

1098 1981 1149 2017 ‹sta
1168 1982 1208 2017 ab
1226 1983 1353 2020 eademi
1399 1982 1473 2018 Erit
1492 1980 1572 2029 ergo
1601 1980 1642 2016 de
1663 1979 1918 2029 praedicamento

1098 2032 1233 2068 aelionis
1253 2053 1267 2077 5
1297 2033 1375 2081 quia
1408 2030 1449 2066 ad
1478 2028 1542 2065 hoc
1560 2027 1770 2065 sufficientem
1791 2039 1916 2064 conve-

1098 2081 1252 2116 nientiam
1268 2080 1366 2116 habet
1384 2092 1460 2114 cum
1470 2076 1539 2125 aliis
1558 2076 1737 2113 actionibus
1747 2090 1760 2116 ;-
1781 2079 1813 2110 &
1837 2077 1915 2125 quia

1098 2140 1166 2163 non
1185 2129 1230 2164 est
1257 2128 1346 2165 aliud
1378 2127 1664 2176 praedicamentum
1682 2149 1697 2170 5
1724 2127 1759 2159 in
1788 2136 1856 2172 quo
1877 2134 1916 2160 ut

1098 2173 1139 2208 fic
1156 2176 1351 2212 collocetun
1393 2177 1511 2222 Vrgeri
1542 2174 1606 2209 hoc
1635 2172 1740 2222 potest
1766 2185 1807 2206 ex
1824 2174 1915 2219 prin-

1099 2225 1190 2270 Cipijs
1223 2222 1454 2260 Aristoteli'cis.-
1497 2224 1599 2257 Actio
1627 2221 1781 2269 potentiae
1801 2217 1912 2255 visivae

1098 2271 1142 2305 est
1163 2274 1310 2319 operatio
1333 2269 1464 2311 vitalis3
1484 2271 1631 2318 operatio
1642 2266 1749 2304 vitalis
1772 2266 1816 2302 est
1826 2268 1918 2303 astio

1098 2319 1275 2355 immanens
1301 2334 1309 2355 z
1345 2318 1426 2354 hanc
1445 2329 1553 2353 autem
1574 2314 1764 2352 Aristoteles
1779 2317 1812 2350 in
1832 2328 1916 2365 prae-

1099 2366 1309 2413 dicamentis‚
1332 2380 1403 2415 caps
1423 2365 1464 2401 de
1493 2368 1646 2410 actione,
1667 2368 1750 2400 inter
1777 2377 1826 2399 res
1846 2363 1919 2411 ejus*

1100 2416 1341 2463 praedicamenti
1372 2413 1542 2457 recenset3
1575 2426 1656 2461 ergo
1687 2417 1719 2448 &
1750 2413 1835 2448 aetio
1859 2412 1917 2449 illa

1100 2466 1253 2511 potentiae
1273 2465 1384 2501 visivae
1404 2464 1465 2498 erit
1488 2462 1555 2498 illic
1576 2459 1775 2497 recensenda.
1823 2464 1918 2496 Tan-

1100 2511 1176 2547 dem
1189 2512 1352 2548 affiohaec
1374 2524 1441 2549 non
1459 2523 1544 2547 caret
1566 2512 1708 2545 termino
1729 2507 1918 2555 intrinsecos

1103 2561 1144 2595 ad
1159 2574 1257 2610 quem
1270 2562 1393 2606 tendat,
1407 2570 1444 2595 ut
1453 2560 1493 2595 ad
1513 2561 1680 2608 proprium
1689 2557 1789 2593 finem
1799 2562 1831 2593 &
1843 2571 1917 2607 per-

1101 2607 1275 2645 sectionem
1286 2608 1385 2645 suam.
1400 2607 1456 2644 Est
1466 2613 1553 2644 enim
1563 2613 1603 2643 cie
1613 2609 1737 2642 ratione
1749 2605 1917 2642 intrinseca

1102 2671 1213 2693 omnis·
1243 2659 1377 2694 aetionis
1402 2682 1416 2701 ,
1446 2656 1563 2692 habere
1590 2657 1765 2690 terminum
1799 2655 1918 2690 intrin-

1101 2704 1207 2741 secum
1228 2731 1243 2750 5
1276 2707 1316 2742 ad
1344 2719 1443 2756 quem
1462 2705 1589 2740 tendatff
1620 2704 1681 2738 Vis
1702 2707 1733 2737 ὅ(
1755 2700 1819 2737 hoc
1838 2715 1917 2751 pro-

1104 2753 1203 2791 bariZ
1237 2756 1339 2790 Aetio
1369 2767 1438 2790 non
1471 2751 1626 2800 fignificat
1657 2749 1797 2786 formam
1813 2764 1917 2800 ‚quae

1102 2802 1219 2838 habeat
1233 2805 1397 2852 propriam
1407 2804 1588 2844 entitatem,
1599 2798 1652 2835 sed
1661 2798 1800 2834 modum
1812 2797 1854 2833 ali
1861 2812 1919 2834 cu-

1101 2850 1148 2897 jus
1177 2850 1291 2886 formae
1313 2851 1366 2888 vel
1386 2851 1528 2886 entitatis
1539 2874 1556 2893 ,>
1583 2846 1705 2884 scilicet
1734 2845 1920 2894 dependen-

1101 2903 1180 2935 tiam
1200 2899 1267 2945 ejus
1290 2900 1330 2936 ab
1350 2910 1464 2947 agente
1483 2913 1491 2932 ι
1512 2898 1602 2945 atqui
1627 2895 1668 2931 de
1690 2896 1813 2929 ratione
1825 2894 1916 2931 modi

1101 2949 1165 2993 est,
1189 2959 1224 2982 ut
1247 2946 1284 2983 fit
1308 2948 1440 2994 alicujus
1461 2947 1509 2981 rei
1528 2944 1646 2980 modus
1667 2969 1680 2987 ,
1700 2955 1804 2991 neque
1827 2942 1919 2979 aliter

1099 2997 1230 3045 reperiri
1253 2998 1347 3043 poffit
1362 2994 1460 3042 3ergo
1473 2995 1557 3028 aetio
1569 2992 1621 3027 seu
1631 2989 1842 3039 dependentia
1851 2994 1922 3026 nonst

1098 3044 1202 3091 potest
1212 3045 1268 3079 esse
1288 3043 1350 3080 fine
1359 3058 1399 3080 eo
1420 3069 1431 3088 ,
1450 3041 1541 3092 quod
1551 3036 1796 3088 dependet-,hoc
1811 3050 1923 3074 autem-

1099 3095 1274 3129 terminum
1308 3104 1462 3130 vocamus
1493 3091 1641 3125 aetionis.
1684 3091 1730 3125 Et
1762 3088 1926 3140 terminus¹

1722 3145 1724 3147 ’
1844 3147 1925 3183 <im-f

1526 1946 1567 1968 ex
1595 1943 1708 1967 natura
1729 1932 1775 1966 rei
1800 1930 1916 1966 distin.
1958 1967 1962 1970 ,
1982 1945 1985 1961 2
