1990 3386
223 117 238 151 ἰ
270 119 289 151 8

225 130 272 207 nir
292 176 308 206 3
334 181 366 208 ae
386 183 434 207 cur
464 171 578 205 tandem
607 168 627 202 ὰ
657 167 755 212 politis
774 167 874 210 ‚potius
895 176 982 210 quam
1000 165 1037 200 ab

555 100 1248 149 v01³;1=0RTvNA·‘r1
1299 100 1632 140 PLEMPII

1103 176 1179 200 nam
1186 176 1235 208 res
1245 162 1338 207 est,ut
1347 174 1426 196 mox
1436 159 1739 204 demonstrabimus,
1751 166 1850 209 quam
1861 171 1918 208 per

223 223 354 266 impolita
365 221 471 267 reflexa
484 222 636 253 uniuntur?
660 215 783 250 Facilius
801 212 871 260 san}
882 213 936 248 huc
955 223 1042 258 atque
1094 214 1269 259 imaginem
1290 213 1323 246 in
1333 208 1461 258 speculo
1473 208 1632 246 videmus.
1656 209 1752 263 Vnde
1762 213 1923 258 quantum

222 270 288 304 illuc
299 269 457 316 diffluerem
472 269 490 301 ἁ
504 267 575 312 terso
587 267 726 310 &polito
747 273 868 308 corpore,
887 262 1042 308 presertim
1096 258 1385 308 i·esipsaaspeculo
1407 257 1523 302 distat,
1548 270 1676 294 tantum
1700 262 1730 293 δι’
1745 269 1856 305 imago
1870 259 1922 292 in-
1957 266 1961 270 '

218 324 352 354 convexo.
373 316 486 364 Qodji
499 327 553 349 non
567 314 675 359 tersum
687 323 774 356 atque
784 314 944 356 impolitum
956 321 1049 356 corpm

214 366 255 411 fit
268 379 432 409 concavum,
455 375 544 398 nonne
565 367 654 407 magis
679 361 808 396 deberent
830 362 918 402 uniri,
933 359 1018 403 quam
1030 357 1050 393 εὶ

225 415 300 461 terso
311 419 346 452 όν
355 418 442 459 polito
465 416 549 458 plano
573 424 606 446 ac
630 416 766 446 convexo?
778 411 813 447 ὡ·
835 408 978 442 tamenab
998 410 1049 442 hoc

226 463 442 508 reprasentatur
463 462 614 506 obtectum,
637 460 673 494 ab
686 460 729 493 1110
742 469 796 492 non
808 467 886 491 item.

284 511 392 546 Habes
414 521 520 546 totam
541 509 608 557 ejus
632 510 696 545 viri
719 506 1048 555 argumentationem:

223 572 308 595 nunc
320 558 460 595 nostram
473 556 711 607 responsionem
733 555 875 589 breviter
894 551 1051 604 accipepfi-

226 607 298 643 mili
309 610 466 644 orationis
477 609 681 642 contextu.R
687 602 975 652 epresentationem
986 602 1051 636 live

224 654 328 704 specie'
350 658 383 691 in
402 654 530 705 speculo
543 655 661 690 liaerere
673 665 708 687 ac
719 650 887 705 siit-›ieetari
899 650 1052 693 dicimus,

228 718 286 740 nec
293 704 428 753 speciem
440 704 544 740 videri
565 714 719 751 negamus
730 713 801 735 nosz
821 699 952 734 Videtur
963 699 1051 735 enim

225 753 405 803 conspicuo,
421 764 489 802 atq3
509 748 775 799 irrefragabiliter
786 746 877 795 super
893 759 1052 794 papyrum

226 803 259 836 in
268 801 441 838 obscurato
453 800 602 836 conclavi
617 811 628 842 3
649 798 780 840 videtur
801 802 833 831 ἃ
848 798 881 830 in
894 794 1052 829 illustrato

225 849 318 899 super
327 849 537 900 parietem,ad
547 863 645 898 quern
656 846 741 882 Solis
752 844 832 891 radij
841 846 990 880 vexerint
1001 846 1054 878 vi-

230 903 274 934 tri
284 901 472 947 imaginem»
479 902 713 934 Verumtamen
724 906 893 943 eapropter
904 892 1053 928 nondum

229 947 285 984 hic
296 948 423 984 asserere
437 946 590 983 volumus
600 973 611 990 ,
624 943 771 980 {imiliter
783 945 817 978 in
826 940 955 991 speculo
966 943 1053 976 cerni

227 994 365 1045 speciem
376 1012 386 1039 ς
398 995 461 1032 hoc
471 998 559 1031 enim
570 994 714 1044 sequenti
726 991 902 1041 quaestione
914 988 1054 1025 ventila-

230 1045 350 1081 bimus:
375 1056 406 1080 at
416 1044 479 1080 hoc
498 1043 609 1080 saltem
620 1069 631 1088 ‚
650 1040 779 1091 speculo
799 1038 966 1076 inexistere
985 1036 1055 1087 spe-

228 1096 324 1139 ciem,
338 1095 383 1129 uti
394 1092 538 1139 subicito
550 1092 708 1135 accidens,
721 1089 761 1125 sic
772 1101 893 1133 tamen,
905 1098 940 1122 ut
952 1088 985 1121 in
996 1086 1055 1124 effe

227 1141 248 1177 s
244 1143 411 1190 ubje'etivo
423 1143 555 1191 quidem
567 1143 584 1176 a
596 1140 739 1185 subicito
750 1165 760 1183 ,
784 1149 815 1173 at
826 1137 1002 1172 efficienter
1012 1136 1054 1170 ab

229 1191 362 1237 objecto
372 1191 562 1240 dependeat.
577 1191 752 1225 Emittitur
760 1188 846 1221 enim
857 1187 949 1221 reefis
960 1183 1053 1221 lineis

227 1238 346 1288 species
367 1239 407 1274 ab
438 1239 569 1285 objeelo
590 1236 671 1273 vifili
694 1250 749 1285 per
768 1236 991 1270 continentem
1018 1245 1055 1267 ac

229 1299 439 1337 perennatam
462 1287 638 1336 quamdam
669 1285 931 1334 produffionem.
956 1282 1054 1321 Vnde

229 1348 326 1373 moto
337 1336 469 1382 obje&o
480 1363 490 1381 ‚
515 1333 751 1384 repraesentatio
774 1335 807 1367 in
825 1330 955 1380 speculo
978 1343 1054 1365 mo-

230 1397 328 1420 vetur
348 1387 427 1421 item
438 1411 449 1430 ,
461 1387 605 1420 immoto
627 1381 695 1432 ipso
705 1380 835 1431 speculo
850 1395 858 1415 :
880 1391 947 1414 non
965 1376 1053 1429 quafi

230 1430 360 1481 species,
371 1447 442 1483 quae
459 1433 605 1469 accidens
617 1433 661 1468 est
668 1429 786 1480 speculi
797 1456 808 1474 ‚
820 1429 862 1464 de
875 1440 937 1462 una
946 1425 1054 1472 suble-

228 1484 273 1517 esti
283 1481 328 1519 sui
339 1484 474 1530 partein
494 1482 592 1519 aliam
611 1481 807 1527 commigret
821 1492 834 1519 ;>
851 1482 865 1521 (
880 1475 943 1511 hoc
964 1478 1054 1510 enim

229 1532 316 1566 certe
326 1543 381 1579 per
392 1542 540 1566 naturam
551 1529 621 1565 fieri
635 1532 774 1577 nequit)
786 1525 838 1563 sed
851 1526 927 1574 quia
937 1522 1054 1572 species

228 1580 264 1615 in
275 1593 338 1614 una
347 1578 455 1627 aliqua
466 1577 584 1627 speculi
605 1589 693 1626 parte
713 1576 884 1611 obhaerens
902 1575 948 1607 rei
969 1570 1055 1607 visili

227 1626 380 1676 oppositi
391 1651 404 1671 ,
425 1640 481 1676 per
491 1629 537 1662 rei
548 1625 636 1661 illius
655 1623 756 1661 visilis
773 1619 1055 1670 transpositionem

228 1675 409 1720 intercidit,
418 1675 571 1724 novaque
581 1677 615 1709 in
624 1672 720 1708 aliam
730 1669 847 1721 speculi
859 1679 982 1718 partem
992 1681 1056 1706 irri-¹

255 1726 359 1773 ingit3
378 1724 461 1759 adeo
475 1735 510 1759 ut
521 1724 649 1759 moveri
667 1720 840 1765 videatur,
860 1731 928 1753 non
947 1728 1055 1752 autem

229 1735 310 1808 loco
328 1769 490 1809 *movetur
511 1770 585 1807 vere
608 1777 639 1808 ὃ(
663 1768 806 1820 proprie.
831 1769 892 1805 Vti
914 1769 1012 1802 etiam
1033 1763 1057 1800 fi

213 1859 215 1861 ,
233 1823 409 1856 motitetur
418 1833 459 1855 act
465 1821 671 1856 concutiatur
683 1816 861 1867 speculum,
872 1818 982 1864 imago
992 1812 1057 1862 ipsa

231 1867 344 1904 saltare
357 1881 498 1918 apparet,
512 1868 643 1915 objeffito
654 1895 666 1914 ‚
688 1870 706 1904 ὲ
728 1879 796 1916 quo
809 1864 874 1915 ipsa
883 1865 1058 1913 dependet,

234 1919 395 1954 immotox
408 1931 475 1953 non
486 1918 579 1968 quod
590 1917 666 1954 vere
686 1914 801 1961 saltet,
824 1914 878 1957 sed
899 1913 993 1963 quod
1011 1911 1059 1947 ob

232 1964 371 2003 celerem
382 1965 423 2001 ab
435 1965 497 2001 alia
518 1977 616 2015 atque
636 1965 698 2001 alia
717 1975 807 2013 parte
825 1961 945 2012 speculi
967 1959 1060 1996 refle-

235 2015 345 2049 xionis
356 2016 586 2059 mutationem,
596 2013 732 2063 speciem
741 2011 884 2048 saltantis
893 2010 1057 2046 exhibeat.

234 2060 305 2097 Etfi
317 2063 396 2098 vero
407 2063 517 2109 imago
528 2062 595 2097 haec
607 2065 822 2111 quantitatem
831 2055 1061 2097 dimensiones-

235 2108 301 2158 que
312 2109 419 2145 secum
427 2109 497 2145 suas
508 2136 520 2155 ,
533 2111 567 2146 id
577 2111 622 2146 est
632 2137 643 2155 ,
655 2110 820 2158 propriam
832 2109 952 2155 objeeti
973 2107 1061 2154 figu-

236 2170 308 2194 ram
318 2157 441 2194 adferat
453 2184 465 2203 ,
486 2172 553 2194 non
574 2170 681 2194 tamen
693 2160 862 2206 propterea
878 2156 959 2191 nihil
971 2158 1015 2192 est
1027 2158 1061 2190 in

234 2204 377 2255 speculo:
390 2204 467 2242 cum
477 2209 566 2244 enim
577 2207 725 2242 accidens
735 2204 785 2249 fit,
796 2217 851 2253 per
861 2204 889 2240 se
899 2202 1062 2239 subsistere

239 2267 279 2291 ne
305 2259 395 2291 uiens
407 2281 418 2300 ,
442 2254 611 2292 necessarie>
621 2253 787 2304 speculum
797 2251 1063 2301 profundamen-

237 2269 348 2341 to‘iibi
359 2302 504 2352 exposcit
516 2330 527 2349 ‚
546 2317 636 2341 more
649 2303 790 2339 aliorum
801 2301 1029 2336 accidentium:
1042 2301 1061 2340 ὲ

238 2352 360 2401 quibus
369 2355 520 2387 tamenin
531 2353 594 2388 hoc
614 2351 770 2401 discrepat
781 2377 793 2396 ‚
815 2350 909 2400 quod
919 2361 987 2384 non
995 2359 1063 2385 tarn

242 2402 261 2437 a
278 2400 434 2448 subjecto,
446 2401 726 2450 quemadmodum
739 2399 795 2435 illa
805 2425 817 2445 ,
838 2400 938 2448 quam
950 2396 990 2432 ab
1002 2397 1065 2432 ob—

240 2448 326 2495 jecto
337 2448 394 2486 suo
407 2448 625 2486 conservetur.
638 2453 727 2485 Avet
737 2449 838 2497 porro
848 2445 1064 2491 discere,num

241 2496 359 2544 species
369 2497 407 2533 fit
417 2500 451 2533 in
461 2497 628 2547 profundo
636 2497 754 2547 speculi
765 2523 777 2541 ,
788 2509 827 2531 an
840 2499 873 2531 in
884 2493 1063 2543 superficie.

245 2546 388 2582 Docebo
403 2550 525 2595 paucis,
545 2547 567 2584 fi
577 2545 738 2595 speculum
750 2544 788 2581 sit
799 2559 839 2580 ex
852 2544 986 2580 materia
997 2555 1065 2577 non

245 2594 436 2631 transsucida
447 2622 458 2640 ,
470 2595 570 2632 haeret
591 2599 624 2630 in
644 2594 809 2644 superficie
830 2592 946 2641 species
959 2606 968 2626 t
991 2589 1013 2626 fi
1024 2604 1064 2626 ex

246 2641 439 2679 transsucida
452 2644 489 2680 sit
500 2644 687 2680 confectum
698 2639 978 2687 materia‚&simul
987 2651 1065 2688 pro-

246 2687 443 2726 funditatem
453 2692 570 2728 habeat
580 2719 591 2738 ‚
604 2705 675 2728 tum
686 2694 785 2728 etiarn
796 2694 830 2727 in.
840 2689 1006 2738 profundo
1022 2687 1065 2723 0st

245 2735 373 2786 specieS.
387 2742 457 2774 Nec
468 2753 575 2776 metus
588 2741 644 2786 est,
657 2754 696 2776 ne
707 2740 892 2776 tenuiffimo
906 2737 1064 2773 accidenti

248 2785 355 2823 aditus
374 2787 408 2819 in
424 2785 647 2826 solidissimum
668 2801 704 2823 ac
723 2787 939 2825 densiffimum
950 2797 1066 2833 corpus

249 2833 482 2876 interdicatur,
503 2840 668 2873 nonenim
686 2850 862 2885 corporum
879 2834 1025 2872 soliditas
1036 2835 1065 2871 ei

248 2881 406 2927 obest,sed
418 2885 676 2933 opacitas,Q<3d
687 2888 767 2922 vero
780 2887 813 2920 in
821 2883 955 2933 speculis
966 2884 1064 2919 etiam

250 2929 417 2981 chalybeis
428 2932 602 2978 imaginem
613 2936 645 2966 in
665 2933 845 2980 profunde,
860 2943 958 2980 atque
979 2930 1064 2967 ultr-a

250 2977 314 3027 ipsa
323 2978 447 3027 specula
458 2981 569 3015 videre
590 2979 781 3025 videamur,
801 2995 868 3017 non
880 2980 956 3017 ideo
969 2983 1003 3015 in
1010 2977 1062 3015 su-

251 3026 381 3075 perficie
390 3039 510 3064 veorum
520 3025 723 3076 speculorum
732 3041 799 3064 non
818 3028 929 3067 existit
938 3031 1062 3077 imago:

1102 310 1269 344 trocedere
1283 309 1387 344 videri
1403 307 1499 342 debct
1512 333 1522 351 ‚
1543 319 1577 342 ut
1588 309 1633 342 rei
1644 306 1826 342 distantiam
1837 306 1927 342 reete*

1104 361 1134 392 δι’
1148 370 1214 393 non
1225 357 1341 393 dolose
1355 358 1481 392 nuntiet
1496 371 1504 390 :
1529 367 1635 391 manet
1645 366 1752 390 tamen
1761 351 1876 402 species
1887 356 1922 391 in

1100 403 1268 454 ‘superficie
1287 405 1379 440 aliter
1402 403 1531 441 tantum
1558 401 1757 439 modificata.
1783 408 1868 450 Q
1880 416 1922 438 ex

1103 457 1269 490 communi
1282 452 1481 502 Perspeetiva
1492 454 1688 495 atteruntur,
1701 450 1922 499 nihilomagis

1105 515 1231 586 ui‘peent.
1255 508 1294 537 ln
1304 502 1404 538 ferrea
1415 500 1685 549 speculafa'temur
1696 512 1761 534 non
1776 510 1923 548 penetra-

1103 563 1137 585 re
1158 555 1300 598 peciemg
1316 551 1459 586 allinitur
1478 547 1666 597 solumipfis
1676 546 1728 583 seu
1739 549 1942 597 appingitur⁴
1977 572 1980 576 ι

1105 612 1145 634 co
1158 599 1223 635 fere
1235 600 1339 635 modo
1351 626 1361 644 ,
1381 612 1450 648 quo
1472 598 1589 633 cliartae
1612 600 1805 645 impingitur
1815 610 1849 631 in
1859 598 1924 631 ol)->

1102 645 1228 683 scutato
1249 648 1408 683 conclavi.
1431 648 1534 696 Qud
1558 646 1712 695 quaslibet
1724 642 1840 693 speculi
1851 658 1922 693 pars

1105 709 1171 730 non
1182 710 1277 744 repra?
1284 695 1396 740 sente-t,
1410 710 1493 731 ratio
1505 699 1536 730 in
1548 707 1681 743 promtu
1692 693 1735 729 est
1748 720 1758 738 ,
1768 696 1845 743 quia
1855 707 1923 730 non

1105 745 1121 778 ὲ
1135 746 1280 794 qualibet
1292 759 1379 794 parte
1392 745 1428 780 fit
1441 746 1481 780 ad
1493 758 1552 779 nos
1563 741 1709 784 reflexim
1721 744 1802 779 hanc
1813 755 1922 779 autem

1105 795 1251 842 excipere
1262 795 1416 830 debemus
1429 822 1439 838 ‚
1453 806 1487 828 ut
1500 789 1811 841 reproesentationem*
1819 794 1925 839 perci-

1105 845 1230 895 piamus
1245 858 1254 878 τ
1267 854 1462 892 quapropter
1473 842 1509 877 fit
1522 868 1532 885 ,
1544 852 1579 876 ut
1589 842 1634 876 ibi
1647 839 1730 876 nihil
1740 838 1818 887 saepe
1827 840 1924 877 nobis

1106 889 1312 937 exhibeatur,
1329 893 1383 926 ubi
1398 905 1505 926 tamen
1518 890 1635 938 species
1646 890 1789 925 creditur
1798 887 1922 938 suscipi.

1106 942 1270 988 Imagines
1282 954 1410 984 corum,
1422 943 1476 988 qui
1489 940 1577 985 juxta
1588 936 1729 973 fluminis
1740 939 1843 987 ripam
1854 949 1925 975 am:-

1108 986 1234 1032 bulant,
1245 988 1301 1024 sub
1310 991 1395 1024 terra
1409 987 1686 1037 repraesentantur:
1699 999 1765 1021 non
1777 985 1864 1035 quasi
1874 1000 1925 1035 ip-

1107 1035 1145 1072 sae
1166 1049 1222 1084 per
1240 1049 1359 1073 terram
1379 1048 1538 1073 tranantes
1560 1049 1678 1086 aquam
1697 1035 1828 1070 subeant
1838 1061 1849 1079 ,
1871 1035 1925 1072 {cd

1108 1087 1185 1134 quia
1198 1090 1228 1121 ἃ
1243 1097 1334 1122 terrae
1358 1092 1389 1122 δε
1413 1084 1649 1120 ambulantium
1668 1082 1760 1131 super
1781 1097 1850 1118 eam
1862 1083 1925 1119 ho·-

1108 1136 1235 1170 minum
1244 1133 1359 1183 species
1371 1134 1411 1169 ab
1430 1148 1513 1183 aqua
1523 1134 1563 1169 ad
1574 1146 1634 1171 nos
1646 1135 1680 1167 in
1688 1134 1848 1168 contraria
1857 1135 1927 1181 ripa

1107 1181 1222 1218 stantes
1242 1186 1521 1232 repercutiuntur,-
1544 1196 1616 1231 quae
1638 1180 1755 1230 species
1775 1192 1926 1217 nuntiant

1107 1229 1258 1267 homines
1272 1232 1329 1268 tali
1351 1233 1426 1268 loco
1444 1234 1478 1266 iri
1488 1244 1573 1267 terra
1583 1231 1786 1266 constitutos.
1808 1228 1926 1278 Itaque

1107 1291 1174 1315 non
1183 1278 1242 1316 sub
1251 1282 1334 1317 terrz'i
1346 1281 1418 1317 sunt
1429 1280 1559 1328 species,
1575 1293 1679 1327 neque
1696 1280 1785 1314 enirn
1795 1277 1837 1312 εό
1846 1290 1925 1325 pro—

1107 1327 1183 1364 duci
1194 1329 1333 1378 possunt,
1344 1329 1396 1366 scd
1407 1332 1440 1364 in
1454 1327 1596 1365 fluminis
1607 1341 1700 1412 aqua.
1715 1327 1782 1363 Vbi
1794 1329 1925 1374 auctarij
1947 1342 1952 1346 ·

1107 1373 1185 1412 loco
1196 1376 1321 1415 causam
1333 1381 1439 1426 accipe
1449 1404 1460 1421 ,
1484 1392 1540 1413 cur
1550 1378 1591 1413 ab
1601 1380 1633 1426 ip
1648 1391 1673 1412 is
1684 1374 1925 1410 ambulantibus

1106 1422 1168 1460 suae
1179 1428 1335 1473 imagines
1345 1440 1412 1461 non
1422 1438 1680 1461 cernantur:tum
1690 1437 1747 1458 eur
1756 1434 1927 1472 appareant

1107 1472 1252 1511 inversae.
1276 1477 1397 1510 Prioris
1409 1476 1492 1509 ratio
1514 1474 1558 1509 cst
1569 1501 1580 1519 ‚
1602 1487 1680 1524 quia
1701 1471 1778 1508 curn
1788 1471 1927 1520 oblique}

1106 1519 1222 1569 species
1231 1525 1265 1557 in
1276 1536 1393 1572 aquam
1404 1521 1577 1558 illabantur
1589 1549 1600 1567 ‚
1621 1520 1758 1570 oblique
1775 1523 1875 1556 etiam
1886 1520 1929 1563 ad

1107 1574 1303 1607 contrariam
1312 1582 1436 1619 partem
1445 1569 1606 1607 exfiliunt.
1629 1570 1816 1606 Posterioris
1828 1595 1839 1614 ,
1852 1571 1931 1617 quia
1963 1579 1966 1582 ⁴

1107 1619 1284 1655 incidentia
1293 1618 1468 1668 specierum
1489 1621 1507 1656 ξι
1517 1618 1734 1669 superioribus
1753 1630 1932 1665 corporum

1109 1667 1255 1718 partibus
1265 1668 1503 1716 egredientium
1512 1668 1550 1705 fit
1559 1667 1712 1705 deorsum
1721 1693 1733 1713 ,
1743 1667 1784 1704 ab
1794 1666 1932 1702 inferio-

1110 1716 1200 1752 ribus
1210 1715 1331 1756 sursum
1343 1732 1353 1759 3
1373 1717 1457 1753 unde
1467 1724 1612 1757 mutatur
1622 1716 1698 1754 {itus
1710 1732 1719 1753 2
1741 1729 1817 1752 nam
1827 1713 1932 1766 qualis

1111 1766 1301 1810 incidentia,
1311 1765 1384 1802 talis
1396 1767 1440 1801 est
1448 1765 1595 1812 reflexio,
1606 1779 1642 1803 ut
1655 1766 1719 1802 fert
1729 1767 1932 1814 Optieorum

1093 1827 1095 1829 ’
1111 1815 1246 1862 dogma.
1258 1816 1314 1851 Ad
1325 1826 1512 1851 extremum
1524 1843 1536 1861 ,
1546 1829 1603 1852 cur
1611 1818 1631 1854 ὲ
1640 1813 1717 1851 solis
1727 1812 1816 1850 tersis
1825 1827 1862 1849 ac
1871 1826 1934 1863 po·

1112 1862 1179 1899 litis
1191 1863 1384 1911 corporibus
1395 1863 1570 1911 specierum
1583 1865 1640 1901 fiat
1659 1862 1860 1907 revibratio,
1880 1875 1935 1898 ce-

1112 1914 1192 1947 cinit
1204 1912 1268 1959 jam
1278 1911 1362 1948 olim
1377 1912 1473 1947 nobis
1493 1914 1730 1962 antiquiffimus
1751 1914 1937 1958 I²oi:'ta1.u·-⁴

1112 1962 1230 1997 cretius
1241 1963 1292 1997 tab.
1306 1975 1339 2009 4.
1355 1962 1389 1996 de
1398 1972 1453 1997 rer.
1467 1971 1529 1999 nat.
1541 1975 1656 2012 nempe
1667 1964 1778 2012 imago

1713 2060 1743 2091 in
1753 2053 1935 2105 asperafhxa
1978 2074 1979 2077 ¹

1194 2113 1251 2142 Aut
1263 2109 1293 2143 in
1304 2111 1452 2144 materiem
1465 2119 1497 2143 ut
1506 2110 1579 2154 ligni
1586 2109 1727 2152 pervenit:
1741 2107 1854 2142 ibrum

1192 2158 1350 2203 Scinditur,
1361 2168 1394 2193 ut
1403 2160 1508 2205 nullum
1512 2157 1717 2204 fimulachrum
1725 2156 1836 2190 redden
1842 2156 1937 2201 possits
1981 2179 1984 2183 -

1163 2252 1341 2296 Scinditur,
1353 2252 1417 2287 hoc
1427 2251 1688 2301 est‚inaequaliter
1699 2256 1732 2286 &
1743 2249 1937 2300 dispariliter
1960 2286 1967 2291 ,

1115 2301 1350 2337 reverberatur.
1377 2304 1465 2336 Nam
1475 2300 1521 2335 ob
1530 2298 1712 2338 scabritiem
1732 2310 1829 2349 atque
1849 2298 1938 2348 aspe-

1117 2351 1247 2386 ritatem
1257 2348 1402 2398 partibus
1427 2348 1496 2395 alijs
1516 2348 1776 2394 amarioribus,
1799 2348 1869 2395 alijs
1879 2361 1938 2383 au-

1118 2409 1184 2434 tem
1202 2397 1451 2446 depressioribus
1462 2423 1475 2442 ‚
1491 2409 1558 2432 non
1568 2396 1673 2446 potest
1691 2398 1795 2433 redire
1813 2399 1938 2445 imago,-

1144 2461 1191 2483 uae
1201 2457 1339 2482 moveat
1358 2445 1530 2487 visionem.
1555 2447 1739 2483 Enimvero
1758 2445 1844 2481 redit
1863 2447 1939 2495 qui-

1118 2461 1195 2532 dem
1206 2494 1262 2529 illa
1274 2500 1305 2530 &
1322 2498 1478 2530 recutitur
1489 2494 1530 2529 ab
1541 2494 1700 2548 impolitis
1709 2496 1807 2530 etiam
1819 2506 1938 2542 corpo-.

1118 2544 1208 2580 ribus
1222 2569 1233 2588 ‚
1257 2542 1311 2578 sed
1349 2546 1400 2580 uia
1411 2543 1607 2581 difformiter
1626 2545 1762 2579 recurrit
1777 2554 1809 2579 at
1836 2555 1875 2577 ue
1885 2544 1938 2577 in-

1119 2557 1358 2642 aequabiliter-(li

1118 2788 1159 2823 ad
1169 2786 1258 2822 istam
1271 2811 1282 2829 ‚
1303 2784 1472 2828 istorsum3
1514 2800 1563 2822 uae
1574 2785 1615 2822 ad
1636 2783 1748 2830 illam,
1776 2783 1853 2822 illor

1118 2849 1190 2886 quae
1203 2834 1243 2872 ad
1255 2833 1363 2882 aliam,
1373 2833 1495 2873 aliover
1512 2848 1577 2872 um.

1799 2982 1966 3029 PRO-5·

1362 2597 1446 2627 uc&
1467 2591 1552 2636 huc,
1575 2605 1642 2628 non
1665 2591 1786 2628 format
1819 2589 1938 2633 imula·
1976 2611 1977 2614 =

1118 2642 1245 2678 chrum.
1288 2642 1442 2676 Recurrit
1464 2667 1476 2685 ‚
1520 2643 1655 2690 inquam
1674 2666 1686 2684 ,
1717 2638 1937 2684 difformiter,
1964 2639 1976 2657 ²

1119 2692 1195 2739 quia
1208 2702 1279 2738 quae
1294 2687 1409 2737 species
1419 2691 1571 2738 impingit
1581 2690 1622 2724 ad
1633 2688 1714 2723 hanc
1726 2685 1824 2735 asperi
1843 2687 1938 2734 obje-
1951 2714 1954 2718 .
1974 2704 1976 2706 ·

1118 2740 1162 2774 &i
1175 2739 1321 2785 corporis
1330 2737 1544 2785 particulam,
1564 2735 1689 2786 prosilit
1700 2734 1832 2772 horsum
1843 2750 1853 2778 3
1856 2749 1937 2821 ¹quae
1961 2740 1967 2762 3

1869 2794 1938 2828 um?
1980 2805 1983 2809 -
