1990 3386
220 194 262 222 92
581 178 1235 216 VOP.FORTVNATI
1284 180 1608 215 PLEMPII

221 238 403 290 probabile,
419 237 475 274 nifi
487 237 625 274 universi
638 238 790 273 Domino
801 237 834 272 id
846 239 890 271 ita
902 235 1037 274 libuisse.

221 287 344 340 Qnsi
357 288 437 324 mihi
459 286 682 336 palpebrarum
702 284 1041 322 fabricatioasummo

224 344 385 375 Creatore
406 335 557 383 tantisper
579 335 698 370 tradita
716 332 820 370 fuisset
841 336 1040 377 (cuitamen

223 390 349 423 muneri
362 384 451 421 nulla
466 384 681 432 praerogativa
693 393 785 431 aptus
795 382 883 424 sum)
895 380 1040 432 superio—

220 449 288 471 rem
302 434 484 484 palpebram
504 433 668 467 minorem
689 429 843 467 inferiore
863 430 1039 467 effeciffem:

221 486 266 519 ita
276 484 375 519 finem
388 483 529 518 hominis
549 479 697 528 praeclare
719 493 770 515 me
791 479 927 528 attigisse
941 491 1040 524 ratus,

223 536 343 580 quippe
354 533 410 580 qui
422 530 461 565 ad
474 528 590 564 caelum
600 528 758 564 tuendum
769 540 892 563 creatus
903 530 1041 570 dicatur3

218 580 417 628 superiorem
437 589 545 614 autem
567 576 752 626 palpebram
775 589 900 612 curtam
923 581 953 611 ἃ
967 589 1042 624 par-

223 641 299 663 vam
312 627 432 664 habens
442 628 476 663 id
496 626 595 677 pollet
616 626 740 674 optime
763 632 793 661 δέ
817 625 1042 661 commodiffi-

223 678 274 713 me
285 679 414 728 exequi.

455 774 691 811 CAPUT
740 777 807 810 ΙΙ.

221 868 322 919 ΦΕ.)
344 870 462 941 afficio
494 870 728 937 Angulorum.
761 870 958 937 Commune
978 886 1041 915 eo-

295 958 372 989 rum
390 939 545 1006 (fficium
567 941 641 1003 est,
655 944 768 988 vicem
776 947 936 1004 polorum
957 956 1041 1004 age-

295 1027 375 1058 νει...
397 1009 580 1057 ‘Peculiare
604 1011 736 1057 interni
758 1009 877 1074 anguli
900 1009 950 1072 est
974 1025 1041 1053 ex-

291 1082 403 1142 cipere
416 1080 649 1127 carunculam.
697 1078 846 1128 Vtilitaa
856 1076 1043 1125 carunculae

293 1166 371 1214 quae
383 1151 457 1214 fit·

361 1254 531 1285 Ommune
552 1244 764 1294 Angulorum
787 1244 935 1280 officium
952 1243 1041 1279 nove

219 1268 250 1384 ⁴
361 1298 496 1344 quidem
505 1308 568 1343 ego
578 1322 589 1340 ‚
610 1294 664 1331 sed
675 1307 742 1329 non
753 1292 862 1328 inscite
883 1293 1041 1328 determi-

359 1347 464 1381 narim
478 1344 536 1380 effe
547 1370 558 1388 ,
577 1347 665 1379 vicem
682 1345 812 1388 polorum
829 1340 883 1377 seu
891 1344 1041 1375 cardinum

362 1406 458 1440 agere,
472 1395 555 1428 circa
565 1405 648 1441 quos
659 1389 886 1438 palpebrarum
894 1387 1039 1425 semicir-

218 1446 283 1482 culi
294 1442 472 1482 verscntur:
488 1441 511 1477 si
522 1444 609 1476 enim
621 1439 787 1489 palpebras
798 1449 908 1474 totum
920 1440 1040 1472 circui-

218 1508 252 1531 re
264 1493 353 1531 oculi
373 1491 512 1540 globum
531 1492 673 1538 concipis
685 1514 696 1532 ‚
731 1487 796 1534 jam
815 1485 934 1534 anguli
941 1485 1040 1534 polos

216 1543 321 1592 probe
331 1542 485 1577 referunt.
498 1543 578 1575 Erat
590 1538 670 1573 vero
682 1535 853 1585 expediens
873 1534 1039 1583 palpebras

216 1590 375 1634 similibus
385 1589 531 1623 terminis
540 1586 665 1634 alligari
677 1611 689 1630 ,
712 1596 747 1619 ut
760 1582 965 1642 aequabiliter
975 1596 1017 1618 ex
1024 1606 1040 1611 -

216 1639 330 1689 pansus
351 1636 490 1685 ipsarum
510 1635 629 1671 limbus
639 1661 651 1679 ‚
671 1639 703 1669 &
723 1633 841 1668 arctius
861 1630 1039 1667 oculorum

218 1691 336 1724 tunicae
358 1684 514 1734 appress'us
540 1682 659 1719 melius
677 1692 839 1718 everreret
848 1706 860 1726 ,
872 1680 1038 1731 quidquid

215 1737 327 1774 eidem
338 1737 455 1771 tunicae
465 1730 704 1768 adhaeresceret.

265 1784 360 1821 Vltra
372 1794 483 1818 autem
493 1794 668 1817 commune
690 1777 794 1822 illud,
814 1777 968 1826 privatim
986 1778 1039 1812 in-

214 1845 309 1871 terno
321 1830 443 1880 angulo
459 1829 547 1865 aliud
557 1828 717 1879 peculiare
728 1839 846 1863 munus
857 1825 1039 1872 injun&um

215 1883 273 1928 est,
284 1885 407 1928 excipere
425 1878 539 1926 nempe
559 1875 660 1924 nervo]
661 1890 708 1913 am
727 1877 917 1911 carunculam.
946 1880 1039 1924 Qa-

218 1942 352 1981 propter
383 1926 530 1964 obtusior
558 1926 603 1962 est
632 1927 685 1962 hic
705 1923 842 1973 angulus
864 1922 1039 1969 formatus,

216 1981 318 2030 quam
329 1989 493 2020 externus,
504 1988 603 2024 quem
606 1975 758 2022 filvestrem
767 1984 887 2009 vocant
897 1972 1035 2009 Arabes.

266 2027 400 2063 Nobilis
411 2024 511 2073 porro
523 2023 567 2058 est
577 2050 588 2068 ‚
613 2029 646 2059 &
658 2025 827 2059 decantata
838 2023 871 2055 in
883 2020 1039 2058 Medico-

214 2088 290 2112 rum
300 2074 418 2112 fcholis
428 2071 523 2117 hujus
533 2070 712 2106 carunculae
723 2069 939 2119 utilitaszquia
949 2071 1038 2106 enim

215 2124 376 2175 palpebris
386 2123 475 2169 juxta
488 2118 581 2155 hosce
593 2118 731 2168 angulos
739 2117 936 2153 foraminula
947 2131 1039 2166 quae-

216 2174 295 2210 dam
307 2170 406 2208 inscul
431 2182 463 2204 ta
473 2167 557 2210 sunt·‚
568 2171 647 2204 item
659 2178 781 2203 meatus
790 2167 807 2200 a
821 2164 897 2200 naso
910 2168 944 2200 in
954 2179 1036 2201 ocu-

218 2221 269 2257 los
278 2222 322 2258 est
332 2183 546 2269 amplitudine
559 2215 690 2253 visenda
703 2242 714 2259 ‚
735 2214 775 2249 ad
785 2211 863 2257 hoc,
872 2224 907 2247 ut
920 2214 1037 2250 mode-

216 2282 286 2306 rata
300 2270 479 2307 humiditas
490 2265 591 2301 oculo
601 2265 861 2300 communicetur
872 2286 883 2305 ,
898 2263 961 2310 qua
974 2261 1038 2298 hu-

219 2321 378 2355 πιεᾶεῐιιι·
398 2344 409 2363 ,
430 2315 464 2350 id
475 2313 568 2364 quod
588 2313 709 2349 indicat
729 2309 907 2347 humiditas
916 2309 957 2345 eo
970 2309 1036 2347 loci

219 2379 385 2416 perpetua:
398 2379 437 2400 ne
446 2376 555 2400 tamen
565 2362 621 2398 illa
631 2363 664 2396 in
678 2358 782 2396 oculis
802 2358 962 2394 redundet
984 2362 1037 2395 ni-

223 2418 293 2451 mio
321 2415 393 2464 plus
413 2441 424 2460 ‚
452 2411 664 2460 superjeetum
693 2409 736 2445 est
772 2406 811 2454 ijs
837 2404 1039 2455 spiramentis

219 2476 337 2512 corpus
350 2465 411 2499 hoc
420 2458 588 2498 carnosum
600 2487 611 2505 ‚
623 2472 690 2509 quo
703 2456 794 2493 velut
804 2455 899 2491 obice
909 2455 949 2491 ab
963 2459 1034 2492 exi-

221 2523 258 2547 tu
268 2512 434 2561 repellitur
443 2537 453 2556 ‚
488 2521 524 2543 ac
535 2507 721 2544 suffrenatur
733 2506 880 2541 humoris
890 2502 969 2539 illuc
977 2505 1037 2540 de—

220 2557 285 2595 flua
294 2562 518 2601 redundantia,
531 2556 726 2606 cogiturque
737 2557 770 2590 in
780 2565 869 2589 nares
880 2551 1000 2589 delabi:
1015 2556 1034 2591 ὲ

220 2621 290 2656 quo
299 2610 411 2644 officio
421 2613 608 2658 lacrymarum
612 2607 729 2653 frenum
740 2611 858 2639 vocant
879 2614 1035 2637 caruncu-

221 2655 288 2693 lam
299 2656 389 2692 illam
399 2660 533 2706 quidam
545 2681 557 2699 ‚
569 2669 637 2691 non
649 2653 767 2702 inepte.
779 2649 859 2686 Sane
871 2648 1037 2686 abscinda-

222 2708 276 2740 t'ur
288 2704 368 2749 haec,
377 2717 431 2740 aut
442 2702 511 2739 casu
521 2703 635 2752 aliquo
648 2705 824 2741 minuatur3
837 2699 982 2747 perennis
996 2698 1036 2735 fit

222 2753 463 2801 lachrymarum
473 2751 591 2788 fluxus.
614 2755 722 2799 Igitur
730 2750 818 2796 cujus
838 2744 976 2782 absentia
986 2746 1036 2783 fa-

223 2805 268 2837 cit
279 2798 384 2837 casum
396 2800 480 2835 hunc
492 2826 503 2843 ,
521 2799 608 2835 illius
629 2798 722 2847 ipfius
733 2796 933 2847 praesentiam
942 2808 1035 2834 eum-

223 2851 300 2886 dem
309 2848 483 2898 prohibere
493 2848 536 2882 est
558 2848 674 2883 necesse
687 2874 697 2892 ‚
720 2859 755 2882 ut
775 2843 854 2880 bene
867 2843 1035 2881 concludit

223 2898 408 2948 polyhistor
431 2898 638 2931 Holmannns
659 2899 691 2930 in
711 2895 962 2931 Commentario
973 2891 1034 2929 illo

224 2945 497 2983 elucubratiffimo
519 2941 608 2991 super
628 2944 715 2977 tzhros
736 2945 805 2977 Gal.
824 2942 857 2974 de
884 2940 932 2987 off.
952 2951 1033 2986 part.

223 2994 393 3032 Caeteriim
413 2998 460 3028 uti
473 2993 606 3042 quidem
615 2991 773 3026 assiduum
795 2987 1035 3036 lachrymarum

219 3043 483 3080 effluviumdieta
492 3037 663 3075 caruncula
672 3038 798 3073 inhibet
807 3040 852 3071 ita
859 3035 958 3071 libere
969 3036 1035 3074 eas-

223 3093 300 3130 dem
309 3090 496 3130 transmittit
505 3087 569 3138 ipsa
579 3114 590 3135 ‚
601 3085 622 3123 fi
633 3086 722 3135 jubet
735 3087 833 3123 animi
843 3083 983 3121 effeetus«

1292 288 1719 324 CAPUT-111.

1093 381 1193 431 Dea
1208 384 1327 450 ‹ffficio
1342 384 1601 431 Glandularum
1616 394 1668 432 (5·
1685 383 1919 449 Ρίιιὲιιεείίιιιᾏ,“

1161 455 1363 517 Cotgfpirant
1383 457 1421 499 in
1450 456 1611 500 eumdem
1646 451 1740 515 tfimz
1757 491 1770 511 ,
1796 468 1918 519 nempe

1166 522 1387 568 humeflandi
1400 534 1452 570 ω’
1478 521 1650 587 irrigandi
1677 523 1825 572 oculum.
1846 537 1916 571 ‚An

1160 591 1278 637 oculm
1304 608 1492 655 numquam
1519 595 1643 654 rigeat.
1685 590 1919 656 AEstatefiz-

1168 658 1270 706 cilizls
1303 659 1442 707 laxatur
1465 661 1593 724 pupilla
1619 695 1632 719 ,
1658 660 1761 724 qudm
1786 660 1917 721 hyeme:

1159 745 1233 776 eim
1254 742 1357 776 ratio.

1274 827 1338 877 Uia
1349 826 1464 862 oculos
1475 827 1690 864 conveniebat
1701 828 1758 863 effe
1770 828 1918 866 mobilis-

1274 875 1391 919 simos,
1414 889 1452 911 ne
1464 875 1628 925 frequenti
1657 879 1835 926 agitatione
1858 877 1916 914 fic-

1271 921 1448 967 cescerent‚
1477 924 1624 969 adjunxit
1645 927 1691 961 eis
1715 936 1785 960 cata
1805 938 1920 964 natura

1269 970 1451 1008 Glandulas
1463 999 1474 1018 ‚
1495 986 1563 1010 rara
1574 978 1604 1009 &
1618 972 1787 1022 spongiQsa
1798 988 1918 1024 corpo·

1093 1029 1142 1061 ra,
1157 1032 1229 1067 quae
1241 1020 1486 1065 humiditatem,
1508 1023 1570 1070 qufi
1583 1025 1740 1071 perpetim
1761 1021 1831 1058 sunt
1844 1026 1918 1059 irri—

1093 1077 1165 1113 guae
1179 1092 1191 1111 ,
1220 1070 1426 1104 continenter
1447 1070 1551 1105 oculis
1590 1069 1758 1106 instillant.
1787 1072 1919 1110 Habent

1093 1115 1173 1162 ergo
1188 1116 1276 1152 idem
1298 1117 1346 1152 hae
1358 1117 1520 1165 glandulae
1542 1120 1712 1162 officium,
1734 1119 1919 1167 atqueillae‚

1096 1176 1168 1218 quae
1182 1166 1222 1201 ad
1233 1165 1352 1217 linguae
1365 1167 1504 1203 radicem
1516 1166 1580 1203 fitae
1592 1165 1677 1212 sunt,
1694 1167 1916 1216 humectandi,

1093 1225 1241 1260 inquam,
1257 1219 1288 1249 &
1302 1216 1470 1262 irrigandi.

1143 1266 1224 1310 Qo
1234 1267 1267 1298 in
1280 1277 1413 1299 munere
1423 1277 1490 1299 non
1510 1276 1625 1312 parum
1647 1264 1691 1298 eis
1703 1263 1917 1301 adminicula-
1946 1294 1952 1308 ,

1091 1319 1146 1343 tur
1157 1312 1302 1347 ailociata
1315 1313 1481 1360 pinguedo
1491 1337 1502 1357 ,
1513 1311 1602 1357 cujus
1611 1311 1799 1347 humectum
1814 1339 1824 1356 ,
1838 1318 1916 1363 quia

1092 1359 1308 1412 unctuosum,
1330 1361 1465 1397 difficile
1476 1359 1676 1397 exsiccatur:
1700 1361 1734 1396 id
1756 1364 1847 1410 quod
1858 1363 1917 1399 hic
1949 1391 1955 1404 ,

1091 1408 1311 1455 principaliter
1323 1409 1515 1445 intenditur.
1541 1411 1711 1456 Quian]
1724 1410 1804 1444 vero
1817 1410 1916 1448 etiam

1092 1453 1196 1490 calida
1215 1457 1258 1492 est
1267 1458 1434 1505 pinguedo
1446 1458 1558 1493 eadem
1569 1483 1580 1501 ,
1604 1469 1670 1491 non
1686 1457 1790 1504 potest
1810 1470 1916 1506 partes

1091 1502 1267 1540 oculorum
1300 1518 1556 1555 temperamento
1584 1503 1824 1552 frigidiusculas
1846 1521 1915 1544 non

1090 1549 1275 1589 calefacere.

1111 1648 1115 1652 .
1138 1601 1197 1637 Ad
1206 1601 1289 1637 hanc
1302 1602 1533 1651 pinguedinem
1544 1601 1656 1638 retulit
1677 1602 1801 1638 causam
1812 1601 1916 1639 scien-

1091 1647 1229 1685 tissimus
1251 1650 1469 1699 Philosophus
1491 1654 1520 1685 in
1537 1662 1586 1696 31.
1610 1652 1746 1696 problem.
1764 1653 1833 1698 sest.
1857 1666 1916 1688 cur

1091 1697 1206 1733 oculus
1217 1701 1399 1750 numquam
1410 1701 1525 1748 rigeat.
1545 1698 1667 1735 Plinius
1677 1700 1845 1736 tamenlib.
1862 1712 1873 1734 1
1882 1712 1914 1738 1.

1090 1755 1157 1782 nat.
1169 1748 1233 1794 hist.
1245 1759 1306 1794 cap.
1324 1761 1377 1794 37.
1402 1750 1488 1796 Cajo
1503 1749 1644 1797 Principi
1670 1751 1812 1797 rigentes
1831 1762 1916 1788 ocu-2

1091 1791 1142 1830 los
1153 1795 1242 1833 fuisse
1252 1796 1375 1833 scribit.
1398 1801 1447 1833 At
1458 1810 1523 1832 non
1535 1810 1570 1832 ea
1579 1796 1674 1843 hujus
1683 1798 1801 1845 rigoris
1812 1797 1916 1842 causa,

1092 1856 1192 1891 quam
1202 1845 1365 1883 intellexit
1375 1843 1565 1882 Aristoteles
1577 1871 1588 1890 ,
1611 1846 1714 1895 frigus
1726 1844 1845 1882 scilicet
1855 1860 1916 1882 ex-

1092 1901 1233 1946 ternum.
1273 1899 1508 1933 Verumtamen
1527 1892 1549 1929 fi
1567 1894 1733 1944 insigniter
1758 1892 1788 1929 se
1810 1893 1916 1942 frigus

1091 1944 1268 1981 intenderit
1287 1970 1301 1990 ,
1330 1947 1429 1980 etiarn
1455 1955 1616 1991 organum
1636 1942 1721 1980 visus
1744 1943 1911 1992 intercipi,

1090 1992 1266 2030 Annibalis
1278 2004 1472 2042 argumento
1482 1991 1599 2041 liquet.

1142 2042 1220 2077 Hoc
1240 2054 1349 2078 autem
1368 2042 1467 2077 docet
1494 2040 1691 2089 experientia
1703 2041 1723 2083 Ι,
1751 2038 1911 2088 pupillam

1090 2087 1196 2126 aestate
1206 2089 1333 2127 facilius
1344 2089 1452 2126 multo
1464 2094 1495 2125 &
1507 2103 1559 2125 arn
1583 2087 1646 2123 lius
1666 2087 1789 2132 laxari,
1808 2090 1910 2137 quam

1091 2134 1222 2182 hyeme.
1245 2140 1348 2190 Qd
1376 2139 1417 2175 ad
1438 2137 1522 2173 nihil
1539 2151 1556 2172 a
1572 2138 1629 2173 iud
1648 2135 1815 2172 retulerim
1829 2162 1839 2181 ‚
1851 2135 1911 2173 nifi
1964 2161 1965 2176 ;

1091 2186 1184 2233 quod
1195 2187 1297 2236 frigus
1309 2186 1458 2235 hyemale
1472 2186 1587 2222 reddat
1599 2185 1754 2220 humores
1776 2189 1807 2219 δι’.
1820 2187 1912 2220 tuni-

1089 2245 1141 2268 cas
1162 2234 1333 2280 duriores,
1355 2234 1647 2277 int1·ac‘tabili01·es,
1670 2237 1702 2267 &
1719 2232 1760 2268 ad
1778 2242 1909 2268 motum

1090 2286 1363 2319 contumaciores}
1373 2283 1463 2332 quod
1476 2280 1546 2317 sane
1559 2280 1650 2316 fieret
1661 2279 1769 2315 adhuc
1785 2278 1913 2316 audiris

1091 2329 1147 2367 nifi
1156 2332 1352 2381 pinguedine
1363 2331 1451 2367 tanta
1464 2329 1791 2365 circumvestirentur.

1301 2429 1563 2469 CAPUT
1612 2429 1693 2462 IV.

1091 2529 1192 2580 Dea
1203 2529 1322 2596 (fficio
1344 2527 1584 2590 Mtffc'ulorum
1602 2525 1793 2572 ocularium.
1820 2522 1912 2586 Mo-¹

1164 2605 1246 2647 veri
1259 2597 1429 2645 debebant
1440 2596 1542 2656 oculi,
1559 2612 1629 2642 non
1643 2606 1682 2641 ut
1693 2594 1796 2656 plura
1805 2594 1912 2638 vide-

1161 2682 1264 2728 rent,
1299 2668 1345 2712 ed
1366 2679 1406 2713 ut
1420 2666 1525 2730 plura
1550 2663 1714 2710 viderent
1732 2660 1912 2728 distincfle.

1159 2739 1255 2803 Qt
1275 2734 1429 2783 motibus
1450 2734 1541 2780 ocull
1551 2740 1777 2778 moveantur.
1797 2725 1912 2792 Muf-

1164 2809 1320 2853 culorum
1359 2803 1551 2850 ocularium
1575 2799 1697 2874 officia
1720 2798 1913 2865 doflissime?
1979 2799 1990 2852 j

1163 2874 1335 2939 descripsit
1357 2873 1713 2938 Aquapendens,
1738 2867 1854 2931 Qm
1874 2883 1911 2912 m

1152 2944 1265 3012 finem
1290 2960 1357 2989 uno
1387 2954 1481 2988 moto
1510 2940 1604 2986 oculo
1631 2937 1722 2984 alter
1732 2936 1847 3002 fimul
1864 2931 1914 2981 ad

1164 3011 1322 3060 eamdem
1332 3023 1473 3076 partem
1486 3017 1680 3058 moveatur.

1808 3113 1909 3156 Oculi
