1990 3386
526 255 686 301 Curatio.

249 354 475 394 Conscribunt
497 352 632 387 Praetici
652 353 834 386 curationes
857 347 1026 397 mydriafis

206 410 237 441 ὅ(
251 399 383 454 phthisis
395 400 576 451 pupillaez&
590 398 687 435 multi
697 402 731 435 in
741 397 1026 435 observationibus

204 453 265 490 suis
276 466 331 502 per
339 449 491 499 exempla
501 450 588 486 edita
599 460 712 484 omnes
733 461 844 483 earum
865 446 946 495 pene
957 446 1027 495 spe-

205 505 268 538 cies
278 501 396 537 sanatas
406 500 580 539 affirmant,
595 508 661 532 tam
672 499 689 533 ἒι
703 495 842 532 siccitate
853 497 954 545 quarn
964 495 1029 530 hu-

204 551 353 587 miditate
366 548 499 585 effectas.
512 545 635 597 Qles
647 545 722 580 cum
735 559 774 580 ex
787 544 891 580 nostra
901 542 1029 579 senten-

203 602 249 634 tia
261 598 330 634 ficri
341 612 408 634 non
418 598 548 646 poffim,
560 593 742 631 verosimile
754 593 849 629 nobis
860 591 910 636 fit,
921 592 1028 627 dictos

203 647 332 683 affectus
350 645 420 696 ipsis
441 645 575 681 minime
597 642 746 691 obtigisse
777 641 949 677 curandos.
983 644 1029 676 Et

200 696 470 746 quandoquidem
479 693 702 728 existimemus
715 690 793 726 tales
804 688 934 738 pupillae
947 702 1029 725 con-

200 747 384 782 stitutiones
396 744 586 793 plerumque
607 741 646 776 ab
660 752 736 775 ortu
752 740 926 782 advenire,
948 751 1030 773 con-

200 795 369 843 sequenter
391 807 440 829 eas
461 791 653 841 plerumque
686 787 874 824 insanabiles
894 786 954 823 effe
967 785 1030 822 sta·-

205 846 340 879 tuimus.

254 895 287 926 Si
309 892 379 941 post
392 901 503 926 ortum
526 888 694 932 accidant,
714 897 749 920 ut
769 884 790 920 si
811 885 882 933 post
900 898 1029 921 moram

205 940 394 976 diuturnam
405 944 436 975 in
449 935 622 973 tenebroso
632 948 755 971 carcerc
767 933 849 969 faeta
862 933 896 969 sit
906 933 1030 982 pupilla

207 988 317 1035 latior,
327 989 483 1039 paulatim
496 986 611 1022 lumini
622 982 857 1021 assuescendum
868 983 911 1017 est
921 1009 932 1027 ‚
956 996 1032 1031 gra-

207 1038 311 1074 datim
321 1040 432 1074 locum
445 1033 689 1071 lu·minos10rem
710 1031 937 1080 ingrediendo.

235 1090 292 1122 Sin
304 1088 338 1124 id
351 1087 502 1122 acciderit
513 1084 558 1120 ob
569 1083 721 1118 humores
733 1079 819 1116 oculi
833 1080 982 1115 turbatos
996 1084 1029 1115 &

209 1138 356 1184 impuros
367 1133 506 1176 faCtosssi
518 1132 621 1182 quide
634 1132 696 1166 hoc
708 1133 788 1165 citra
799 1129 900 1163 fletum
913 1133 944 1164 &
958 1141 1032 1177 per·

203 1186 384 1221 cussionem
396 1180 785 1232 provenerit‚attenuandi
797 1183 827 1213 &
839 1176 1032 1230 discutiendi

207 1233 257 1270 illi
269 1234 423 1269 humores
434 1243 528 1267 crunt
542 1246 550 1265 ι
573 1229 665 1278 quod
677 1227 853 1264 commode
865 1228 921 1262 het
931 1228 968 1272 ils
982 1239 1033 1261 re-

206 1282 415 1331 medij5,quae
428 1278 589 1316 suffufioni
600 1289 671 1327 apta
678 1275 935 1325 erunt‚sequenti
945 1277 1033 1323 capi-

207 1342 241 1366 te
254 1330 494 1380 explicanda.Si
508 1328 589 1364 vero
601 1329 646 1363 ob
655 1326 887 1375 percussionem
899 1323 952 1359 vel
964 1328 1032 1360 vim

212 1392 379 1415 externam
391 1379 428 1415 fit
438 1405 448 1424 ,
461 1376 565 1413 fluxio
576 1375 616 1411 ab
627 1374 728 1411 oculo
741 1372 914 1410 avertenda
925 1373 969 1409 est
977 1386 1034 1426 per

208 1443 299 1465 venae
310 1426 498 1472 sectionem,
508 1423 728 1461 cucurbitulas
738 1450 750 1468 ‚
760 1422 939 1466 frictiones,
952 1423 1034 1457 vesi-

213 1476 476 1519 catori33deinde
487 1473 675 1523 repellentia
684 1471 784 1508 oculo
794 1471 1032 1520 applicanda:&

205 1527 248 1562 ad
259 1525 417 1562 summam
427 1524 572 1561 facienda
582 1522 663 1572 pene
673 1521 786 1557 eadem
801 1544 811 1562 ,
820 1533 892 1570 quae
904 1521 938 1554 iri
947 1518 1034 1568 oph-

210 1575 346 1612 thalmia
357 1574 428 1611 sunt
440 1571 636 1623 praescripta·

367 1672 630 1708 CAPUT
679 1667 876 1702 XXIV.

427 1766 530 1815 (De...
553 1764 801 1833 Suffusionea.

213 1865 307 2007 S
323 1868 355 1899 V
357 1861 449 1900 ffusio
459 1888 470 1907 ‚
488 1862 605 1901 Graece
618 1858 790 1913 Hypochyfis·
803 1857 890 1894 dieta
899 1860 931 1892 &
944 1862 1038 1908 Hypo-

321 1914 418 1964 ‹byma
438 1912 483 1948 est
493 1938 504 1957 ,
525 1912 649 1948 humoris
666 1920 768 1956 prater
795 1917 933 1943 naturam
963 1916 1040 1941 mter

253 1992 256 1994 .
319 1973 447 1997 corneam
457 1964 493 2000 (γ’
505 1962 680 2010 recisormcm
689 1961 818 1994 tunicam
827 1954 843 1992 ὲ
864 1958 977 2002 regione
982 1965 1040 2002 pu-

318 2013 387 2056 ptllae
399 2021 548 2048 concretio.

251 2062 417 2096 Hactenus
428 2071 541 2094 omnes
554 2057 680 2094 Medici
693 2058 726 2092 in
736 2054 931 2092 definitione
942 2053 1043 2089 dixe-

155 2142 161 2148 ,
214 2116 304 2153 runt,
317 2119 391 2143 mter
401 2118 530 2142 corneam
549 2116 675 2140 tunicam
687 2108 723 2144 &¹
743 2107 887 2140 humorem
909 2102 1044 2154 crystalli-

217 2170 297 2202 num,
309 2156 525 2192 existimantes
535 2167 610 2189 cum
620 2153 751 2190 Galerio
762 2179 773 2197 ,
785 2155 817 2188 in
827 2152 892 2189 hoc
902 2152 1043 2188 humore

220 2205 379 2242 visionem
389 2204 487 2240 effici.
511 2204 588 2253 Q}
607 2201 762 2238 sententia
782 2200 875 2238 clarae
896 2199 1042 2236 falsitatis

219 2255 372 2290 conviari
385 2278 395 2294 ,
416 2252 480 2300 jam
502 2265 569 2289 non
587 2251 807 2287 dubitandum
831 2249 895 2294 est,
917 2251 997 2298 quin
1008 2251 1042 2285 in

217 2302 404 2351 crystallino
415 2315 550 2352 quoque
566 2304 598 2335 &
618 2299 690 2348 post
708 2296 927 2348 crystallinum
947 2299 979 2331 in
992 2300 1044 2332 vi-

218 2357 292 2387 treo
313 2352 452 2388 humore
470 2351 567 2399 poffit
586 2347 752 2384 consistere
766 2347 898 2385 materia
919 2343 1040 2382 suffusa:

221 2410 289 2435 tam
300 2402 387 2436 enim
397 2399 618 2437 transmittunt
637 2395 754 2445 species
776 2393 997 2445 crystallinum
1009 2399 1042 2430 δε

221 2452 364 2485 vitreum
386 2448 580 2491 humorem,
607 2449 707 2494 quam
726 2458 877 2495 aqueum.
894 2442 1044 2493 Itaquefi

220 2510 331 2534 earum
342 2496 533 2534 transmiffio
541 2498 559 2531 a
571 2494 663 2530 crassa
673 2506 770 2545 atque
780 2507 881 2542 opaca
891 2495 924 2528 in
937 2497 1045 2529 vitreo

222 2544 383 2592 stagnante
395 2548 529 2582 materia
538 2543 751 2593 prohibeatur
760 2570 770 2588 ‚
781 2541 949 2578 suffusione
963 2556 1046 2578 ocu.

228 2591 276 2628 lus
286 2594 385 2630 indici
396 2595 495 2630 debet
506 2594 653 2630 laborare
663 2604 731 2629 tarn
743 2605 839 2642 aequo
851 2603 932 2639 jure,
945 2594 1046 2641 quam

223 2640 246 2677 fi
258 2643 291 2677 in
301 2656 406 2692 aqueo
418 2644 557 2680 humore
569 2653 656 2677 natet
667 2644 812 2677 materia.

279 2690 448 2727 Caeterum
479 2692 648 2729 fatendum
675 2690 719 2726 est
739 2716 750 2735 ,
770 2688 874 2726 rarius
902 2687 1047 2725 suffusam

227 2741 394 2776 materiam
405 2742 438 2774 in
450 2740 724 2785 vitreo‚rariffime
737 2741 771 2774 in
782 2737 969 2787 crystallino
980 2738 1049 2774 hae-

226 2800 296 2823 rere
308 2802 318 2829 3
328 2800 364 2822 ac
373 2786 439 2822 fere
451 2787 570 2837 semper
582 2791 615 2823 in
625 2802 730 2838 aqueo
741 2787 906 2831 observari
927 2787 1049 2824 humo-

228 2848 274 2872 re.
297 2837 400 2873 Ratio
410 2835 452 2870 est
464 2862 474 2880 ‚
497 2836 629 2884 quiailli
641 2837 794 2873 humores
813 2838 978 2886 propriam
990 2836 1049 2872 ha-

228 2882 308 2920 bent
317 2886 336 2920 ὲ
347 2882 408 2919 suis
418 2886 534 2919 tunicis
544 2885 876 2935 circumscriptionem
888 2899 896 2928 3
908 2885 960 2920 hic
972 2884 1047 2920 flui-

226 2932 289 2968 dus
297 2932 353 2977 est,
365 2937 397 2968 δι
410 2930 519 2967 alienis
528 2936 673 2968 terminis
681 2945 867 2970 continetur
878 2961 889 2978 ‚
901 2933 1048 2982 adeoque

226 2979 320 3017 facile
344 2992 494 3016 extranea
515 2992 711 3016 recrementa
730 2981 881 3032 suscipere
892 2994 995 3032 aptus·

277 3028 355 3074 11155
377 3032 434 3079 qui
453 3031 627 3077 opinantur
647 3027 805 3065 visionem
826 3035 859 3066 in
891 3029 1050 3067 concursu

227 3091 407 3117 nervorum
416 3081 605 3128 opticorurn
616 3075 699 3122 fieri,
711 3076 837 3116 censent
848 3080 961 3118 itidem
975 3078 1049 3128 pos<

517 135 1209 183 VOP.FORTVNAT1
1261 137 1591 174 PL‘EMPII

1076 196 1106 232 se
1118 194 1248 232 suffusos
1269 196 1424 232 humores
1443 202 1476 233 &
1491 199 1646 245 imagines
1664 197 1735 245 post
1743 196 1903 244 crystalli-

1079 258 1157 280 num
1168 244 1330 281 stabulari.
1354 245 1481 281 Verum
1497 245 1564 280 haec
1585 247 1700 293 opinio
1711 246 1845 281 minime
1855 245 1903 281 se·-

1105 294 1209 328 uenda
1220 293 1274 329 est:
1289 305 1356 330 tam
1369 297 1456 330 enim
1469 293 1511 329 est
1523 290 1658 329 absurda
1669 320 1680 338 ‚
1702 296 1750 331 uti
1763 294 1905 330 demon-

1078 307 1261 388 stravimus,
1273 345 1374 393 quam
1386 341 1441 378 illa
1453 342 1668 394 vulgatissima
1680 343 1904 388 Medicorum,

1074 392 1113 426 ·in
1125 389 1311 439 crystallino
1331 391 1470 427 humore
1494 394 1652 427 visionem
1673 390 1820 437 absolvi,
1840 392 1906 427 sta-

1080 450 1254 477 tuentium.

1131 487 1320 537 Disceptant
1329 486 1542 535 speculatores
1557 514 1566 531 ‚
1582 485 1686 536 qualis
1697 486 1831 524 morbus
1844 501 1906 524 no-

1082 537 1232 572 minanda
1243 536 1278 572 sit
1290 534 1426 573 suffufio.
1451 535 1518 582 Alii
1540 534 1735 584 enimipsam
1748 537 1905 585 perpetuo

1083 584 1339 620 obstrustionem
1361 583 1412 620 seu
1426 586 1580 621 morbum
1593 586 1626 619 in
1638 588 1690 620 via
1701 584 1758 620 esse
1770 597 1908 621 conten-

1083 632 1168 668 dunt
1183 633 1256 680 3ali1
1273 648 1313 670 cx
1324 632 1455 670 Caleno
1475 634 1524 669 lib.
1548 637 1578 667 de
1588 633 1680 680 differ.
1693 634 1783 669 moth.
1797 645 1858 680 cap.
1873 637 1905 670 8.

1084 683 1239 718 morbum
1251 686 1282 718 in
1295 695 1442 718 numere.
1465 684 1583 717 Neutri
1600 696 1651 718 me
1661 682 1767 729 judice
1778 681 1908 731 penitus

1084 730 1257 766 damnandi
1270 730 1354 767 sunt.
1369 732 1486 766 Oritur
1498 744 1637 780 namque
1656 730 1782 767 suffusio
1795 735 1811 768 a
1825 730 1909 767 cras-

1082 777 1219 814 fiusculo
1230 792 1385 815 extraneo
1399 779 1536 814 humore
1549 778 1906 828 pupillam-obturant&

1085 829 1191 863 oritur
1203 834 1235 864 ἃ
1250 829 1290 863 ab
1303 828 1372 876 ipsis
1385 827 1579 864 humoribus
1591 830 1695 864 nimio
1707 827 1778 877 plus
1790 828 1909 865 incras-

1083 873 1168 919 satis;
1180 882 1211 913 &
1225 889 1363 926 utraque
1373 876 1508 911 morbus
1530 878 1563 911 in
1585 879 1638 913 via
1656 879 1767 913 vocari
1789 878 1905 926 potest.

1087 926 1190 973 Qd
1202 925 1223 961 si
1235 926 1354 961 humor
1362 924 1417 960 ille
1427 936 1595 960 extraneus
1607 925 1768 974 progressu
1778 938 1909 975 tempo-

1085 985 1127 1008 ris
1139 987 1183 1009 1ta
1195 976 1396 1010 concreverit
1409 1001 1419 1018 ‚
1434 985 1469 1007 ut
1483 974 1546 1020 jam
1565 973 1760 1010 membranae
1771 973 1907 1023 speciem

1087 1023 1199 1058 induat
1211 1049 1222 1068 ‚
1246 1023 1381 1058 morbus
1402 1025 1435 1057 in
1458 1036 1594 1058 numero
1604 1023 1670 1059 dici
1681 1023 1833 1072 equidem
1846 1037 1909 1072 po-

1085 1072 1155 1113 test3
1180 1086 1253 1107 nam
1268 1072 1398 1108 videtur
1408 1070 1477 1107 sane
1499 1069 1586 1120 quasi
1608 1069 1764 1120 particula
1785 1072 1908 1108 addita.

1085 1121 1161 1156 Imo
1173 1119 1228 1156 etsi
1241 1119 1434 1156 membranae
1446 1118 1581 1167 speciem
1593 1133 1660 1155 non
1669 1119 1796 1164 induat,
1815 1123 1911 1171 equi-

1086 1169 1162 1204 dem
1175 1168 1292 1204 volunt
1303 1169 1458 1204 morbum
1469 1179 1502 1203 in
1512 1178 1648 1204 numero
1658 1167 1714 1204 esse
1728 1183 1738 1211 ς
1751 1171 1783 1204 in
1794 1183 1910 1206 nume-

1087 1231 1126 1253 ro
1138 1244 1149 1262 ‚
1172 1220 1306 1267 inquam
1325 1243 1335 1262 ,
1356 1220 1453 1266 pai-tis
1473 1217 1684 1252 redundantis
1708 1229 1782 1253 toto
1793 1231 1910 1266 genere

1086 1278 1203 1315 praeter
1213 1278 1374 1311 naturam,
1386 1278 1419 1301 ut
1432 1265 1582 1301 lumbi-ici
1594 1268 1626 1300 in
1638 1265 1806 1311 intestinis,
1818 1272 1850 1302 ἃ
1861 1267 1911 1303 la-

1085 1317 1136 1364 pis
1148 1317 1181 1351 in
1197 1314 1298 1352 vesica
1319 1313 1390 1350 sunt
1402 1314 1487 1364 apud
1509 1314 1675 1350 Calenum
1697 1314 1773 1350 loco
1793 1322 1906 1352 citato.

1089 1365 1194 1400 Porro
1207 1375 1316 1400 autem
1337 1361 1563 1411 circumspecte
1585 1364 1606 1410 ij
1627 1362 1808 1412 loquuntur
1818 1391 1830 1409 ,
1850 1366 1908 1414 qui

1086 1411 1290 1449 suffusionem
1312 1414 1481 1447 nominant
1502 1411 1624 1459 semper
1653 1412 1909 1450 obstru6honeni

1089 1459 1141 1496 seu
1160 1460 1316 1496 morbum
1337 1461 1371 1494 in
1391 1463 1444 1496 via
1456 1474 1466 1501 3
1485 1460 1800 1510 quomodocumque
1819 1464 1909 1498 enim

1090 1513 1123 1544 &
1134 1509 1361 1556 undecumque
1373 1519 1446 1543 orta
1454 1506 1547 1552 fit,eo
1559 1510 1691 1543 nomine
1703 1508 1805 1556 potest
1816 1523 1910 1546 com·-

1088 1556 1258 1605 poebendi,
1274 1561 1305 1591 &
1318 1554 1375 1592 sub
1387 1556 1445 1591 hac
1455 1554 1657 1604 potissimum
1668 1559 1795 1592 ratione
1806 1559 1911 1594 aetio-

1090 1606 1123 1640 ni
1136 1604 1527 1641 animalisincommodat.
1546 1605 1692 1652 Qndo
1715 1606 1794 1641 vero
1806 1608 1912 1642 oritur

1091 1652 1133 1688 ab
1143 1652 1336 1689 humoribus
1346 1652 1546 1689 naturalibus
1558 1654 1727 1691 incrass'atis
1741 1679 1753 1698 ‚
1773 1667 1840 1690 non
1850 1667 1913 1704 po-

1092 1701 1152 1738 test
1161 1702 1227 1738 dici
1238 1701 1374 1738 morbus
1385 1705 1418 1737 in
1429 1715 1577 1738 numer0.
1910 1732 1912 1737 .

1144 1750 1331 1788 Suffusionis
1340 1750 1519 1787 differentia
1529 1750 1573 1786 est
1581 1747 1704 1798 duplex
1718 1765 1726 1785 z
1741 1750 1803 1788 alia
1813 1752 1856 1789 est
1866 1751 1915 1789 le-

1094 1801 1210 1848 gitima
1223 1805 1255 1835 &
1269 1813 1326 1849 per
1335 1799 1496 1835 essentiam
1509 1825 1520 1843 ‚
1541 1800 1602 1835 alia
1610 1794 1714 1848 spuria
1726 1805 1756 1836 δι
1768 1813 1825 1849 per
1835 1814 1917 1838 con-

1094 1847 1216 1886 sensum
1229 1850 1246 1885 ὲ
1259 1849 1436 1897 vaporibus
1446 1847 1567 1884 sursum
1577 1847 1675 1883 illatis
1685 1860 1769 1886 orta.
1783 1853 1859 1887 Nos
1868 1848 1918 1886 le-

1096 1899 1246 1947 gitimam
1255 1898 1466 1934 definivimus
1479 1921 1490 1942 ‚
1512 1908 1626 1946 utpote
1644 1897 1720 1932 vere
1743 1903 1776 1935 &
1787 1898 1918 1948 proprie

1096 1950 1143 1983 ita
1153 1945 1283 1982 tantum
1304 1960 1343 1996 ap
1367 1945 1529 1982 ellandam
1545 1961 1553 1980 :
1576 1958 1651 1981 narn
1672 1944 1777 1995 spuria
1789 1946 1919 1985 suffusio

1097 2009 1169 2032 non
1178 2006 1246 2031 tam
1254 1994 1331 2032 suffu
1347 2009 1380 2031 10
1391 1995 1512 2031 dicitur
1522 2021 1533 2040 ‚
1554 2005 1608 2029 aut
1620 1994 1685 2030 dici
1694 1995 1805 2041 debet,
1816 1998 1918 2046 quam

1097 2043 1208 2092 affet‘tus
1218 2056 1248 2079 in
1259 2044 1448 2079 accidentibus
1456 2042 1716 2091 suffigfionifiiiiilis,
1728 2048 1776 2080 uti
1786 2047 1804 2082 ὲ
1815 2044 1922 2083 Gale-

1100 2107 1145 2130 no
1155 2104 1291 2129 vocatur
1312 2094 1364 2130 lib.
1377 2105 1406 2139 3.
1417 2097 1450 2127 de
1460 2097 1521 2129 iocis
1532 2090 1606 2127 mal&
1618 2091 1670 2139 aff.
1682 2102 1743 2138 cap.
1754 2107 1787 2139 7.
1809 2098 1851 2130 In
1861 2093 1922 2129 hac

1099 2144 1189 2178 varia
1200 2141 1388 2191 corpuscula
1400 2153 1472 2177 ante
1486 2140 1601 2178 oculos
1613 2139 1731 2177 versari
1756 2142 1922 2186 videntur,

1099 2190 1371 2226 interduminstar
1389 2190 1568 2226 muscarum
1581 2216 1591 2234 ,
1611 2188 1666 2226 vel
1676 2192 1840 2236 murium,
1867 2188 1922 2225 vel

1100 2238 1317 2287 capillorum,
1339 2238 1392 2274 vel
1413 2237 1652 2286 globulorum,
1674 2246 1707 2274 δι’
1731 2237 1873 2275 aliorum
1886 2237 1922 2275 id

1099 2299 1212 2334 genus,

1458 2386 1591 2448 Causae.

1153 2497 1292 2536 Causam
1301 2498 1476 2535 suffusionis
1485 2499 1569 2535 recte
1579 2498 1721 2535 statuunt
1733 2502 1927 2547 Pragmatici

1104 2560 1218 2583 omnes
1228 2547 1375 2583 humoris
1388 2548 1484 2584 alieni
1496 2546 1655 2583 influxum
1666 2575 1677 2593 ‚
1688 2547 1852 2598 velipsum
1863 2548 1927 2585 hu-

1105 2609 1233 2633 morem
1254 2599 1401 2632 innatum
1420 2595 1646 2633 craffefaetum.
1669 2595 1766 2632 Solus
1781 2596 1928 2636 Platerus

1104 2645 1157 2680 lib.
1171 2658 1198 2681 1.
1213 2648 1308 2681 Praei.
1320 2656 1383 2692 cap.
1397 2659 1430 2691 7.
1444 2645 1537 2681 nullo
1560 2646 1642 2681 duce
1654 2643 1807 2681 aliorsum
1825 2644 1928 2682 defle-

1107 2694 1165 2728 ‹ffit
1174 2696 1192 2730 ὲ
1203 2696 1256 2729 via
1266 2696 1354 2742 regia
1364 2720 1375 2739 ,
1396 2694 1594 2730 contendens
1617 2694 1657 2730 ab
1669 2707 1775 2743 aqueo
1786 2693 1927 2732 humore

1105 2745 1311 2778 tenacitatem
1321 2742 1464 2792 aliquam
1485 2741 1678 2791 adipiscente
1688 2740 1811 2778 causam
1830 2741 1929 2780 suffu-

1107 2789 1204 2826 sionis
1214 2789 1375 2839 proficisci
1389 2807 1397 2827 :
1411 2790 1481 2827 fieri
1493 2792 1573 2827 vero
1585 2791 1625 2826 ab
1641 2791 1788 2826 humoris
1799 2789 1925 2830 influxu

1107 2851 1165 2873 nec
1178 2841 1304 2875 ratione
1314 2839 1379 2875 ulla
1397 2840 1549 2889 probari,
1570 2852 1627 2874 nec
1649 2839 1926 2876 demonstratione

1107 2887 1231 2923 ostendi
1250 2888 1347 2936 posse.
1372 2889 1435 2925 Sed
1457 2890 1583 2925 deerrat
1603 2890 1655 2923 vir
1692 2888 1746 2923 hic
1766 2893 1799 2924 &
1821 2888 1923 2924 fei-tur

1107 2938 1211 2971 avius.
1224 2937 1326 2985 Qd
1337 2949 1373 2973 ut
1385 2937 1524 2987 quilibet
1535 2938 1690 2985 percipiat
1700 2963 1712 2982 ‚
1723 2937 1792 2972 imo
1803 2934 1922 2986 perspi-

1107 2987 1182 3029 ciat,
1196 2984 1276 3020 libet
1288 2998 1476 3034 argumenta
1487 2986 1553 3032 ejus
1563 2985 1742 3034 expendere
1753 3009 1765 3028 ,
1783 2998 1855 3034 quae
1864 2998 1924 3021 ve-

1107 3032 1169 3069 luti
1180 3031 1370 3070 desertionis
1380 3034 1441 3070 suae
1454 3037 1594 3070 rationes
1605 3033 1746 3070 adducit.

1154 3084 1269 3131 Inquit
1279 3084 1380 3130 igitur
1387 3083 1495 3131 primo
1509 3099 1519 3119 2
1533 3086 1564 3119 Si
1573 3083 1611 3117 ab
1622 3094 1698 3126 aqua
1707 3084 1751 3118 vd
1760 3081 1883 3117 humoris
1892 3085 1924 3118 in

1856 3133 1929 3170 oculi
