1990 3386
213 180 280 215 2¹4

216 233 285 270 lum
297 246 369 270 nata
384 235 426 272 est
438 234 524 271 ferri.

266 282 379 320 Causae
392 282 566 319 suffusionis
586 277 766 327 illegitima:
786 275 839 313 seu
858 276 1038 325 imaginum

220 330 326 367 oculis
346 330 587 368 obvcisantium
614 327 687 363 sunt
707 339 843 376 vapores
863 327 881 361 a
903 323 1039 360 cerebro

218 379 272 415 vel
284 382 427 428 partibus
445 376 654 414 inferioribus
672 376 713 412 ad
733 373 849 411 oculos
859 372 959 408 delati
972 398 982 415 ,
1003 385 1040 407 ac

222 429 363 464 maxime
386 430 403 463 a
425 425 621 463 ventriculo.
642 424 770 461 Similes
790 424 947 470 imagines
966 432 1040 457 ante

224 476 338 511 oculos
350 476 504 512 oberrant
515 487 649 525 quoque
659 476 692 509 in
704 473 900 522 phreneticis
923 474 954 505 δέ
969 483 1039 504 me-

223 523 434 560 lancholicis:
461 527 494 559 in
516 523 634 573 quibus
657 520 862 559 Mercurialis
882 519 963 554 dicit
973 531 1042 553 non

224 573 298 608 vere
310 587 361 608 eas
379 587 526 622 apparere
539 599 550 617 ‚
568 571 622 607 sed
641 571 698 606 esse
709 569 837 606 tantum
856 578 1041 615 corruptam

223 635 338 657 eorum
350 623 596 670 imaginatione.
622 620 685 655 Sed
697 619 782 655 certe
794 630 860 653 tarn
872 614 955 652 hisce
966 614 1042 651 vere

221 668 400 720 aliquando
411 681 561 720 apparent
572 695 583 714 ‚
595 671 694 719 quam
706 671 739 703 in
748 658 916 703 suffusione
930 675 1044 706 3utro-

225 717 324 768 bique
338 722 423 755 enim
441 719 553 755 eadem
571 717 672 753 causa.
697 721 856 753 Attamen
873 726 988 767 magna
1000 711 1044 746 est

222 768 307 802 inter
317 766 393 803 illos
405 781 510 816 :egros
520 767 709 803 differentia.
722 769 811 800 Nam
822 763 998 813 phrenetici
1011 765 1043 796 ἃ

223 815 451 852 melancholici
466 842 476 861 ‚
487 831 559 865 quae
573 819 605 850 in
615 814 719 851 oculis
727 815 906 862 percipiunt
918 809 1047 845 simula-

224 863 301 900 chra
311 891 321 910 ,
343 880 378 901 ea
414 867 597 901 ertinaciter
606 864 741 899 credunt
752 861 832 898 foris
845 860 919 897 vere
931 859 1047 894 existe-

222 925 256 946 re
267 939 278 957 ‚
289 914 334 949 ob
343 913 380 949 lae
398 929 448 950 am
460 941 471 959 ‚
493 928 591 962 quam
608 912 725 948 habent
737 938 747 957 ‚
771 912 942 946 rationem.
977 908 1050 955 Q

222 962 304 998 vero
319 963 448 999 tantum
460 961 561 999 suffusi
574 961 643 999 sunt
655 988 665 1006 ,
687 963 812 996 ratione
822 959 903 994 duce
922 970 1047 1004 cogno-

221 1007 419 1060 scunt‚quod
434 1013 562 1056 vident,
572 1023 637 1046 non
648 1010 728 1045 foris
738 1006 860 1052 esse‚sed
871 1004 1045 1041 oculorum

225 1059 320 1108 culpa
331 1060 366 1095 id
389 1063 530 1097 evenire.
552 1066 764 1109 Qamquam
786 1059 820 1091 in
841 1056 1001 1104 principio
1013 1053 1046 1088 hi

224 1111 325 1145 etiam
347 1123 395 1145 res
416 1109 486 1145 illas
504 1108 586 1145 foris
608 1107 664 1143 esse
687 1116 821 1155 putent;
845 1106 922 1154 quia
933 1115 1046 1150 nempe

226 1157 333 1192 assueti
344 1157 427 1203 sunt,
437 1159 518 1194 dum
530 1158 614 1193 reffite
627 1155 748 1200 valent,
758 1155 870 1189 omnia
882 1154 916 1187 in
929 1152 1046 1188 adver-

224 1203 260 1241 so
271 1209 345 1242 a‘e're
357 1207 550 1255 conspicere.

577 1305 706 1370 Signa:

261 1399 399 1437 Suffusio
411 1399 551 1450 perfc6ia
562 1400 613 1436 seu
625 1397 817 1435 confirmata
829 1410 895 1433 non
906 1394 1050 1433 difficul-

227 1460 277 1486 ter
292 1450 434 1486 noscitur
451 1466 459 1486 z
473 1452 555 1485 intra
566 1452 653 1485 enim
665 1447 822 1496 pupillam
833 1446 981 1495 quaedam
993 1459 1051 1480 co-

228 1497 334 1534 lorata
344 1498 468 1534 macula
479 1510 623 1547 apparet,
633 1496 687 1533 vel
699 1495 783 1540 alba,
795 1496 850 1532 vel
859 1497 986 1538 curma,
998 1490 1051 1528 vel

229 1547 332 1583 livida
343 1575 354 1593 ‚
367 1561 427 1596 pro
439 1546 623 1583 diverfitate
645 1546 793 1581 humoris
804 1544 959 1579 concreti.
981 1546 1050 1577 An-

227 1607 361 1646 tequam
373 1598 452 1633 vero
467 1595 605 1644 perses&
616 1595 653 1631 sit
672 1590 797 1629 suffusio
816 1619 826 1637 ,
848 1596 880 1627 δε
905 1591 1052 1625 nondum

230 1657 403 1681 concretus
413 1645 535 1680 humor
548 1671 558 1689 ⁷
580 1654 651 1678 turn
662 1641 786 1690 pupilla
798 1653 864 1691 non
877 1638 984 1673 lucens
998 1651 1054 1686 ap-

231 1705 321 1741 paret
333 1720 343 1738 ‚
357 1707 413 1728 nec
426 1693 542 1728 vivido
552 1691 720 1739 splendore
731 1686 854 1736 persusa
865 1714 875 1732 ,
894 1685 947 1722 sed
958 1687 1002 1722 est
1015 1687 1055 1723 si-

235 1741 321 1777 milis
333 1744 422 1777 vitro
442 1740 546 1775 halitu
567 1737 686 1774 adflato
698 1764 709 1781 ‚
734 1735 788 1772 vel
803 1738 871 1772 ae'ri
884 1735 1052 1772 nebuloso.

233 1790 311 1839 Qc)
324 1801 498 1837 antequam
509 1785 687 1835 progressus
697 1785 733 1821 sit
743 1784 882 1830 affectus,
893 1787 927 1820 in
937 1786 1058 1833 princi-

231 1841 288 1888 pio
299 1851 413 1887 nempe
423 1836 600 1873 suffusionis
611 1862 622 1880 ‚
643 1834 748 1871 solent
759 1836 848 1870 varia
866 1832 1059 1871 simulachra

233 1899 308 1923 ante
319 1886 434 1922 oculos
444 1884 597 1930 volitare,
609 1884 681 1934 pilis
691 1911 703 1929 ‚
714 1885 847 1928 araneis,
859 1882 922 1919 filis
933 1880 1060 1918 floccis-

237 1936 300 1984 que
312 1934 438 1971 similia.
450 1941 533 1983 Q
545 1946 653 1970 tamen
664 1932 741 1969 cum
750 1934 850 1967 etiam
861 1935 894 1967 in
913 1929 1058 1967 suffusio-

179 2027 182 2030 Δ
236 1999 275 2019 ne
284 1984 388 2033 spuria
400 1984 450 2019 seu
462 1997 517 2033 per
527 1981 713 2019 consensum
724 1981 828 2018 videri
839 1979 961 2017 soleant
973 2006 983 2024 ‚
1006 1980 1059 2015 di-

233 2032 373 2080 ligenter
384 2032 451 2067 haec
463 2033 506 2067 est
524 2034 542 2067 ὲ
557 2030 704 2079 legitima
713 2031 765 2067 seu
784 2028 934 2065 essentiali
947 2028 1059 2064 discri-

237 2081 402 2116 minanda.
425 2078 519 2115 Prz'mb
532 2082 640 2128 itaque
659 2083 692 2113 in
704 2092 779 2114 vera
790 2092 825 2113 ac
837 2077 984 2126 legitima
994 2077 1059 2114 suf-

236 2128 363 2164 fusione
386 2128 465 2164 alter
475 2127 605 2163 tantum
615 2127 730 2162 oculus
740 2127 778 2172 ijs
790 2126 986 2175 imaginibus
999 2127 1059 2163 de-

239 2177 308 2213 ludi
322 2175 402 2213 solet
413 2204 424 2222 ‚
436 2189 489 2212 aut
509 2175 530 2211 si
543 2188 679 2225 uterque
700 2175 786 2210 forte
807 2186 949 2211 tentetur
961 2201 971 2218 ‚
992 2189 1058 2211 non

236 2237 379 2262 tentatur
390 2224 536 2261 similiter
549 2239 557 2260 :
571 2225 662 2273 quod
680 2223 719 2260 fit
737 2225 771 2259 in
782 2222 896 2272 spuria.
920 2223 1058 2269 secunab,

240 2277 274 2311 in
286 2275 432 2322 legitima
454 2274 516 2309 istae
536 2275 751 2322 apparitiones
774 2273 977 2307 continenter
995 2270 1059 2306 fine

242 2323 317 2359 ullis
327 2322 507 2359 intervallis
528 2323 672 2358 Visuntur
688 2338 697 2358 ι
719 2323 753 2356 in
773 2319 877 2368 spuria
896 2318 981 2355 secus
1002 2319 1057 2355 est.

238 2375 328 2408 Nam
340 2372 450 2407 ablato
463 2371 515 2407 vel
524 2370 698 2406 inclinante
706 2384 747 2405 eo
758 2369 883 2414 affectu,
895 2381 949 2416 per
963 2381 1060 2416 quem

237 2420 421 2469 symptoma
433 2420 497 2456 hoc
516 2419 717 2456 efficiebatur
726 2445 736 2463 ‚
759 2417 886 2454 cessatio
908 2415 984 2451 mali
1004 2416 1058 2452 est.

242 2470 336 2505 Tertii)
345 2468 381 2514 ‚si
399 2471 555 2517 imagines
565 2467 629 2504 illae
641 2467 768 2516 aliquot
779 2480 879 2502 annos
891 2466 1060 2501 hominem

243 2522 391 2553 vexarint
402 2517 464 2553 fine
476 2517 592 2566 insigni
613 2515 699 2551 visus
719 2515 917 2550 detrimento
927 2539 938 2557 ,
958 2512 1062 2563 spuria

243 2566 287 2601 est
298 2567 420 2602 affectio
432 2572 463 2602 &
475 2580 530 2613 per
543 2563 728 2602 consensum
744 2579 752 2599 ι
775 2577 849 2598 narn
860 2563 916 2598 ubi
927 2561 1016 2597 causa
1029 2576 1061 2596 in

244 2613 343 2649 oculo
354 2614 554 2651 essentialiter
563 2614 640 2650 latet
652 2639 663 2658 ,
684 2627 750 2648 non
770 2611 875 2660 potest
885 2610 936 2647 sex
948 2609 1064 2646 mensi—

249 2661 308 2697 bus
317 2676 357 2698 ex
377 2666 592 2711 prafficorum
613 2659 896 2697 observationibus
927 2659 1060 2703 durasse,

247 2713 327 2759 quin
337 2711 535 2748 concrescere
549 2714 583 2748 in
594 2711 768 2747 humorem
792 2716 895 2756 vapor
916 2709 1058 2757 incipiat.

248 2760 324 2793 Hoc
332 2769 440 2794 tamen
451 2762 483 2794 in
494 2774 544 2796 me
556 2765 587 2796 δε
604 2758 714 2795 multis
727 2757 798 2804 aliis
806 2756 920 2792 falsum
931 2770 1063 2804 compe—

247 2808 313 2850 rio,
326 2807 382 2857 qui
393 2807 503 2842 multis
515 2811 604 2844 annis
615 2807 735 2856 spestra
756 2807 812 2842 ista
833 2809 865 2840 in
886 2805 990 2842 oculis
1006 2818 1063 2853 pa-

245 2857 350 2890 timur
358 2853 399 2890 ab
407 2854 646 2901 impuritatibus
658 2855 789 2891 humori
799 2868 904 2904 aqueo
915 2856 1064 2889 innatan-

250 2900 413 2938 tibus'fine
422 2901 627 2950 subsequente
645 2903 812 2939 suffusione
826 2929 837 2948 ‚
859 2902 911 2939 vel
932 2901 1064 2952 corpus-

251 2951 401 2986 culorum
412 2958 526 2986 eorum
537 2954 753 2987 concretione.

301 2997 470 3035 Sufsufiom·
482 3008 561 3034 ortae
572 2997 610 3032 ab
620 2999 837 3035 incrassatione
851 3006 882 3036 &
894 3002 1064 3046 impurita-

249 3059 282 3082 te
293 3047 439 3083 humoris
451 3049 544 3096 aquei
554 3044 677 3093 signum
689 3047 731 3079 est
743 3072 752 3090 ,
773 3049 865 3095 quod
884 3048 1063 3095 inspicienti

249 3095 385 3133 *oculum
393 3109 516 3145 aegrurn
529 3104 675 3144 appareat
695 3106 761 3130 non
776 3094 929 3141 limpidus
950 3095 1063 3141 ocuvlus

521 168 684 203 VOP.
735 164 1227 202 FORTVNAT‘I
1273 163 1615 206 PLEMPII‘

1091 232 1124 263 &
1137 226 1238 263 clai-us
1250 253 1260 272 ‚
1281 227 1334 263 sed
1354 228 1566 265 conturbatus
1588 238 1685 278 atque
1703 229 1856 270 obscurus
1871 238 1906 272 &

1091 275 1187 312 instar
1196 279 1329 325 impura:
1342 290 1444 325 aquae.
1664 297 1669 305 ¹

1141 326 1235 360 Dicit
1246 325 1463 370 Mercurialis,
1476 329 1508 359 &
1522 324 1575 371 aiij
1589 326 1721 376 quidam
1731 355 1742 373 ‚
1753 331 1911 379 imagines

1092 373 1126 408 in
1137 375 1295 422 principio
1318 373 1464 422 perstem>
1476 370 1652 410 suffusionis
1674 377 1778 413 videri
1800 377 1909 416 solitas

1092 419 1270 470 aliquando
1281 436 1347 458 non
1357 422 1452 458 aliam
1474 421 1589 458 habere
1609 423 1733 461 causam
1743 452 1754 471 ‚
1775 425 1827 462 seu
1841 442 1910 464 non

1094 468 1140 504 ob
1150 468 1240 513 aliud
1250 471 1352 506 videri
1366 497 1375 516 ,
1398 473 1499 520 quam
1519 471 1565 506 ob
1587 484 1721 509 acumen
1741 474 1836 512 visus.
1858 479 1911 513 Si-

1094 530 1197 566 gnum
1208 530 1328 563 autem,
1339 520 1431 569 quod
1443 522 1482 554 ab
1493 533 1528 556 ea
1539 519 1627 556 causa
1639 522 1815 569 pendeant,
1829 526 1913 563 dicit

1098 566 1157 602 esse
1169 593 1180 612 ‚
1193 568 1284 617 quod
1297 566 1446 616 appositis
1455 568 1550 604 rebus
1562 569 1705 606 obscuris
1714 582 1786 606 ante
1797 573 1913 611 oculos

1096 628 1163 650 non
1174 617 1315 653 videant.
1341 618 1443 664 Qd
1463 616 1555 652 nullo
1567 619 1670 654 modo
1690 621 1911 667 accipiendum

1096 663 1139 698 est
1153 679 1161 699 ε
1184 665 1240 700 nisi
1258 668 1344 702 enim
1365 678 1500 714 vapores
1520 665 1574 702 vel
1595 666 1747 703 humores
1769 669 1865 706 alieni
1877 675 1912 707 iri

1097 712 1202 749 oculis
1213 714 1289 750 vere
1301 713 1436 750 existant
1456 714 1512 749 ista
1532 713 1722 751 fimulachra
1740 716 1915 756 efformari-

1098 771 1157 805 tes,
1169 762 1255 798 certe
1267 761 1351 798 visus
1364 766 1573 812 quantumvis
1584 775 1694 799 acutus
1705 779 1739 800 ea
1751 770 1912 817 percipere

1099 823 1165 845 non
1176 814 1308 859 poterit.
1321 814 1382 848 Sed
1396 817 1427 846 &
1439 811 1556 847 obtuse
1569 812 1714 849 videntes
1723 827 1759 849 ea
1769 814 1914 863 plerum-

1100 872 1162 907 que
1175 862 1377 908 percipiunt,
1397 871 1494 909 atque
1513 861 1554 895 de
1576 860 1639 896 illis
1659 875 1913 911 conqueruntur.

1099 909 1202 956 Qd
1226 920 1334 945 autem
1354 910 1464 953 addit,
1488 909 1637 958 appositis
1658 910 1752 946 rebus
1772 911 1919 950 obscuris

1100 968 1173 991 ante
1183 956 1296 992 oculos
1309 971 1375 993 non
1398 959 1500 994 videri
1522 961 1677 1006 imagines
1687 984 1697 1003 ‚
1718 959 1752 995 id
1762 962 1916 1000 omnibus

1100 1016 1274 1041 commune
1286 1007 1350 1050 est,
1379 1006 1497 1056 quibus
1515 1009 1662 1043 nondum
1685 1018 1852 1045 concretus
1871 1009 1916 1047 est

1100 1050 1221 1089 humor
1231 1053 1371 1091 suffusus,
1396 1060 1483 1091 Nam
1496 1054 1617 1103 semper
1627 1058 1735 1091 tenuia
1745 1069 1801 1092 cor
1825 1057 1920 1095 uscu-

1101 1099 1130 1135 la
1143 1104 1175 1137 in
1188 1103 1292 1138 oculis
1306 1104 1475 1139 volitantia
1488 1116 1553 1139 non
1567 1107 1599 1138 in
1610 1101 1748 1139 obscuro
1759 1131 1770 1150 ,
1803 1107 1842 1142 ed
1852 1107 1921 1144 cla-

1100 1152 1187 1187 riore
1197 1156 1270 1187 ae're
1281 1150 1387 1188 solum
1400 1153 1624 1190 observantur.
1648 1156 1751 1189 Ratio
1765 1154 1808 1189 est
1818 1181 1829 1200 ‚
1842 1157 1920 1205 qui'a

1101 1197 1177 1234 cum
1188 1200 1287 1236 exiles
1309 1214 1343 1236 ac
1355 1214 1465 1237 tenues
1476 1201 1536 1237 fint
1553 1215 1601 1237 res
1613 1228 1623 1246 ,
1645 1215 1710 1236 non
1729 1202 1855 1250 possunt
1866 1208 1921 1241 vi·-

1099 1246 1169 1283 sum
1180 1263 1313 1285 movere
1323 1276 1332 1294 ‚
1355 1250 1412 1286 nisi
1434 1250 1529 1285 valde
1549 1250 1758 1286 illustrentur.
1787 1254 1832 1287 Et
1844 1251 1920 1291 cum

1101 1295 1166 1332 illae
1181 1311 1227 1333 res
1237 1311 1291 1346 per
1301 1297 1329 1334 se
1341 1299 1481 1334 obscurae
1493 1297 1553 1334 sint
1563 1326 1573 1344 ,
1595 1299 1617 1335 si
1627 1298 1720 1335 fimul
1730 1299 1792 1335 alia
1801 1314 1921 1351 corpo-

1103 1358 1137 1380 ra
1148 1346 1283 1382 obscura
1295 1347 1510 1395 adspicianmr
1520 1374 1531 1392 ‚
1557 1361 1622 1384 non
1642 1348 1680 1383 fit
1701 1345 1869 1385 discrimen
1880 1352 1923 1388 ab

1103 1394 1203 1431 oculo
1216 1420 1226 1440 ,
1248 1409 1287 1430 ne
1313 1410 1352 1430 ue
1362 1395 1424 1431 illae
1437 1409 1500 1444 prae
1520 1396 1589 1443 alijs
1609 1396 1746 1432 elucent.
1770 1400 1802 1432 Si
1813 1409 1922 1435 tamen

1103 1441 1199 1493 valde
1208 1443 1297 1478 excel
1313 1457 1367 1478 ens
1378 1444 1487 1479 lumen
1499 1444 1689 1493 adspiciatur
1702 1469 1713 1487 ‚
1725 1457 1760 1481 ut
1772 1446 1857 1482 Solis
1870 1447 1924 1484 vel

1105 1494 1236 1535 majoris
1248 1491 1336 1535 facis,
1348 1505 1415 1526 non
1425 1495 1520 1527 etiam
1534 1505 1682 1541 apparent
1694 1509 1703 1535 3
1726 1497 1802 1542 quia
1822 1497 1925 1540 majus

1105 1540 1140 1573 id
1152 1539 1262 1574 lumen
1274 1541 1378 1575 visum
1390 1552 1498 1575 totum
1511 1541 1655 1589 percellit
1667 1568 1676 1585 ,
1699 1547 1730 1577 &
1753 1542 1840 1592 quasi
1852 1545 1924 1581 istas

1107 1588 1328 1635 imagunculas
1338 1590 1477 1636 dissipat,
1489 1589 1543 1624 vel
1555 1589 1676 1624 lumine
1689 1591 1733 1624 ita
1744 1591 1875 1638 imbuit,
1888 1593 1927 1629 u't

1108 1649 1174 1671 non
1185 1636 1322 1686 amplius
1333 1636 1474 1673 obscurae
1487 1636 1660 1689 sint‚atque
1674 1641 1718 1673 ita
1729 1652 1795 1674 non
1806 1639 1926 1676 discer-

1108 1695 1238 1722 uantur.

1158 1739 1259 1784 Qd
1271 1736 1309 1772 ad
1324 1735 1432 1771 locum
1446 1737 1580 1781 attinet,
1594 1738 1627 1771 in
1638 1749 1705 1785 quo
1717 1739 1850 1772 materia
1860 1736 1928 1773 sufss-

1111 1780 1243 1819 fusionis
1254 1784 1393 1821 consistit
1404 1812 1414 1829 ‚
1435 1785 1456 1821 fi
1470 1788 1503 1820 in
1525 1786 1662 1822 humore
1679 1799 1784 1834 aqueo
1796 1785 1930 1832 haereat‚

1111 1830 1205 1867 facile
1217 1833 1317 1869 visilis
1327 1834 1381 1876 est,
1397 1839 1428 1870 &
1442 1834 1482 1869 ad
1494 1832 1625 1870 fristum
1636 1834 1724 1870 oculi
1735 1833 1928 1920 plerumque

1113 1892 1278 1924 movetur3
1297 1885 1376 1918 item
1386 1885 1418 1918 in
1430 1885 1588 1932 principio
1598 1909 1608 1926 ‚
1621 1894 1795 1932 antequam
1807 1895 1867 1919 con
1896 1897 1932 1920 r-

1118 1941 1204 1965 mata
1213 1931 1278 1966 fuit
1298 1957 1309 1976 7
1324 1934 1413 1967 varia
1431 1942 1503 1966 ante
1516 1931 1629 1967 oculos
1651 1929 1820 1967 obversata
1841 1930 1931 1971 sunt:

1113 1991 1184 2027 quae
1196 1983 1308 2015 omnia
1317 1994 1383 2016 non
1395 1979 1607 2016 observantur
1620 2005 1631 2024 ‚
1648 1978 1670 2014 si
1685 1981 1718 2015 in
1740 1979 1928 2028 crystallino

1113 2026 1168 2061 vel
1178 2030 1286 2064 vitreo
1297 2027 1490 2066 confistat:&
1508 2030 1587 2065 vero
1598 2028 1790 2065 difficillime
1801 2032 1932 2077 cogno'-

1111 2073 1209 2111 scitur
1222 2103 1232 2122 ,
1245 2079 1278 2112 in
1288 2077 1406 2114 horum
1419 2077 1576 2114 alterutro
1590 2077 1710 2113 haerens
1720 2103 1731 2121 ‚
1752 2090 1857 2126 neque
1866 2081 1928 2127 po·-

1111 2124 1170 2159 test
1178 2123 1242 2161 fere
1255 2128 1272 2162 a
1283 2129 1375 2163 nervi
1388 2125 1608 2162 obstructione
1618 2126 1783 2174 distingui.

1163 2174 1303 2211 Celebre
1324 2180 1355 2211 δι
1367 2175 1656 2211 decantatissimum
1666 2174 1710 2210 est
1721 2174 1805 2222 apud
1816 2176 1929 2210 Medi-

1112 2234 1167 2256 cos
1178 2222 1367 2272 praesagium
1387 2237 1429 2258 ex
1442 2222 1573 2259 Galeno
1592 2221 1775 2258 desumtum
1787 2223 1835 2258 nb.
1851 2237 1881 2259 2.
1895 2224 1929 2258 db

1107 2269 1211 2317 sympt.
1225 2273 1301 2317 caus.
1319 2282 1379 2316 cap.
1406 2285 1436 2306 2.·
1449 2273 1482 2304 in
1501 2269 1667 2306 suffusione
1686 2270 1803 2318 quibus
1822 2270 1926 2306 altero

1113 2317 1212 2354 oculo
1223 2318 1475 2354 conniventibus
1490 2317 1618 2353 alterius
1629 2316 1784 2367 pupillam
1798 2317 1928 2354 dilatari

1113 2368 1288 2414 contingit,
1317 2366 1339 2402 si
1351 2368 1484 2416 punffio
1508 2366 1697 2402 admittatur
1716 2393 1725 2408 ‚
1752 2367 1927 2415 recipiendi

1115 2413 1198 2450 visus
1208 2413 1293 2464 spem
1305 2416 1372 2459 esst-3
1383 2415 1501 2466 quibus
1512 2428 1578 2450 non
1588 2414 1842 2463 dilatatur‚spem
1853 2430 1928 2451 om-

1115 2475 1189 2498 nem
1210 2464 1309 2499 adimi
1324 2480 1331 2499 :
1356 2478 1430 2500 nam
1450 2466 1540 2500 nervi
1557 2465 1658 2512 optici
1678 2463 1779 2499 affecsi
1797 2464 1831 2500 id
1842 2464 1930 2500 indi-⁴.

1115 2513 1201 2547 cium
1211 2512 1268 2548 esse
1278 2516 1367 2548 aiunt
1377 2540 1387 2558 ‚
1402 2526 1457 2561 per
1469 2526 1566 2562 quem
1577 2513 1703 2560 spiritus
1719 2513 1759 2548 ad
1769 2512 1926 2561 pupillam

1115 2572 1280 2608 penetrare
1292 2575 1357 2597 non
1367 2562 1482 2610 potest,
1492 2560 1547 2597 etsi
1560 2559 1688 2597 suffusus
1697 2560 1818 2596 humor
1829 2562 1929 2598 trans-

1116 2608 1236 2656 positus
1247 2609 1283 2645 sit
1295 2636 1305 2654 ‚
1318 2611 1369 2646 vel
1381 2621 1537 2646 exemtus.
1560 2610 1661 2660 Qd
1676 2608 1798 2658 signum
1811 2613 1929 2658 partim

1116 2657 1229 2695 falsum
1244 2659 1353 2703 docet,
1364 2657 1482 2709 partim
1494 2664 1525 2695 ὃ(
1541 2658 1644 2707 ipsum
1655 2660 1687 2693 in
1708 2658 1737 2694 se
1747 2656 1862 2694 falsum
1874 2659 1929 2695 est.

1118 2706 1243 2742 Falsum
1252 2708 1371 2753 docet,
1390 2710 1467 2757 quia
1487 2707 1703 2756 praesupponit
1723 2705 1762 2741 ab
1775 2705 1930 2743 influente

1113 2754 1228 2803 spiritu
1239 2755 1361 2792 visorio
1382 2754 1574 2793 dilatatione
1594 2757 1779 2803 contingere
1789 2755 1933 2804 pupillae,

1117 2803 1192 2839 cum
1203 2806 1220 2840 ὲ
1233 2806 1407 2841 remiffiore
1430 2804 1500 2840 luce
1521 2803 1686 2840 dilatetur.
1712 2802 1837 2839 Falsum
1858 2806 1891 2839 in
1901 2804 1930 2840 se

1116 2852 1171 2896 est,
1184 2855 1260 2902 quia
1277 2867 1344 2889 non
1365 2866 1476 2890 omnes
1494 2851 1565 2888 sunt
1575 2850 1749 2900 desperati,
1773 2863 1929 2899 quantum

1117 2900 1161 2934 est
1170 2915 1212 2936 ex
1226 2913 1314 2949 parte
1347 2904 1478 2938 otentiae
1490 2900 1637 2945 videndi,
1652 2900 1769 2949 quibus
1781 2913 1846 2936 non
1859 2908 1929 2934 am·-

1115 2948 1234 2996 pliatur
1243 2954 1317 2999 pupi
1335 2950 1384 2996 la,
1404 2949 1444 2986 sic
1455 2948 1605 2985 suadente
1617 2951 1741 2984 ratione
1755 2964 1764 2990 ;
1776 2946 1866 2994 primb
1878 2973 1890 2993 ‚
1908 2947 1930 2984 fi

1116 2996 1244 3033 suffusus
1256 2999 1376 3034 humor
1386 2998 1490 3034 lentus
1500 2996 1673 3046 crassusque
1685 2998 1768 3032 inter
1779 3007 1930 3032 corneam

1118 3045 1298 3095 niveamque
1319 3046 1463 3083 consistat
1482 3072 1493 3090 ‚
1521 3045 1621 3093 majus
1642 3043 1776 3094 spatium
1798 3070 1809 3089 ‚
1829 3046 1930 3092 quam

1112 3093 1208 3146 ipsius
1220 3109 1308 3131 uveae
1319 3095 1465 3132 foramen
1476 3093 1525 3140 sit,
1536 3101 1780 3142 occupansztum
1791 3104 1933 3173 namque

1888 3151 1932 3175 ux

1984 91 1988 123 ι,

1986 125 1990 161 l

1986 186 1989 240 ἱ

1985 261 1990 321 l
