1990 3386
225 209 239 232 ι
248 212 263 234 2
270 210 293 245 4

218 260 394 312 vaporibus
408 264 439 296 δέ
451 254 713 295 exhalationibus
734 257 768 290 in
779 251 843 288 sani
853 251 942 288 oculi
954 253 1044 306 tuni-

219 323 271 347 cas
291 309 320 346 se
341 306 594 345 insinuantibus:
614 307 705 353 atqui
729 314 865 350 vapores
885 298 1045 336 istivisio-

222 363 256 396 ni
270 358 434 396 nihildum
464 352 748 390 adminiculantur.
790 351 945 385 Praeterea
976 361 1044 383 non

220 419 290 444 tam
302 405 393 456 quod
405 403 539 452 lippiens
555 399 705 450 adspiciat
715 427 727 446 ,
747 400 849 449 quam
860 397 951 448 quod
964 394 1044 445 aspi-

219 459 322 492 ciatur
333 481 344 499 ‚
356 466 428 489 mor
434 457 492 488 bus
501 451 715 487 contrahitur.
942 495 948 501 ο

273 511 448 552 thm
455 511 563 536 autem
575 512 641 534 non
661 495 828 533 immerito
838 522 850 540 ‚
873 507 930 528 cur
941 504 984 528 ita
995 491 1044 528 fa-

223 551 284 587 cile
297 550 413 588 oculus
432 548 603 584 contrahat
625 547 706 582 hanc
728 545 928 580 affetftionem
938 568 948 586 ‚
970 556 1043 591 quae

223 599 437 636 inflammatio
457 597 522 639 est3
540 607 654 631 caetera
664 606 773 629 tamen
792 591 937 627 membra
948 604 1045 625 num-

226 662 324 699 quam
335 648 376 682 ab
389 646 460 693 alijs
469 644 761 682 inflammationem
773 643 928 688 accipiant
940 651 995 687 per
1006 637 1046 674 si-

224 697 338 733 milem
352 695 596 743 contagionem}
602 693 781 728 Rationem
790 690 846 725 dat
858 687 1046 723 Alexander

225 745 379 795 Aphrod.
390 744 457 791 [εᾶ.
475 754 505 789 5.
522 744 613 788 probl.
626 751 682 786 41.
696 741 771 788 quia
783 738 897 773 oculus
907 749 971 783 prae
984 748 1046 770 cae-

224 797 301 830 teris
313 793 467 829 membris
478 789 589 827 mollis
601 786 816 835 humidusc‘lue
829 786 872 821 cst
884 810 895 830 ,
906 782 1045 839 ausae-ile

226 841 380 892 patibilis,
392 845 469 889 Ego
479 838 622 886 ejusdem
630 846 765 872 eventus
777 837 1044 883 imaginationem

227 905 293 927 non
304 892 475 926 minimam
487 885 610 922 causam
621 884 718 921 facio.

275 944 329 977 De
351 937 469 987 speculi
490 934 706 972 maculatione
725 943 841 967 notent
862 929 1045 977 philologi,

229 1002 296 1025 non
332 991 437 1024 vitrea
467 984 572 1021 nostra
600 980 724 1031 specula
752 979 963 1016 infectionem
993 981 1047 1013 di—

227 1039 313 1074 &am
331 1038 493 1071 incurrere
513 1059 524 1078 ,
546 1037 561 1075 (
583 1031 687 1068 eludit
707 1031 795 1066 enim
816 1032 942 1065 vitrum
965 1027 1046 1062 den-

228 1085 320 1122 fitate
341 1090 372 1120 ὅ(
395 1083 510 1133 politie
542 1080 595 1117 susi
625 1091 785 1127 vaporum
817 1075 1047 1126 appellentium

225 1136 504 1182 penetrationem3
529 1131 579 1166 uti
598 1134 630 1164 &
654 1141 770 1176 aquam
780 1125 900 1162 fortem
913 1124 1048 1159 innoxie

226 1182 355 1219 sustinet
369 1197 377 1217 :
391 1185 405 1224 )
417 1180 470 1217 sed
483 1176 643 1215 metallica
653 1174 790 1224 specula,
804 1188 876 1224 quae
886 1171 954 1209 sola
964 1171 1047 1208 olim

231 1233 265 1266 in
275 1230 331 1267 usu
340 1229 491 1274 fuerunt,
514 1224 654 1263 maculas
675 1222 746 1259 illas
764 1222 983 1259 contrahunt:
1007 1220 1048 1256 ad

229 1278 293 1328 ipsa
305 1281 395 1315 enirn
405 1276 546 1314 allabens
568 1284 652 1309 teter
662 1285 765 1321 vapor
777 1269 968 1307 addensatur
979 1295 990 1313 ,
1013 1274 1047 1304 &

231 1332 265 1363 in
275 1340 375 1376 poros
394 1326 424 1363 se
445 1321 585 1374 penitius
595 1322 730 1357 induens
745 1347 756 1366 ‚
779 1320 927 1355 corrodit
951 1329 1049 1366 atque

232 1377 342 1412 exedit
355 1401 367 1420 ,
380 1376 461 1411 adeo
475 1372 622 1424 quidem,
639 1381 675 1405 ut
687 1366 870 1405 indelebilis
881 1365 959 1415 saepe
972 1376 1050 1401 nota

228 1425 386 1461 illinatur.
425 1428 541 1470 Itaque
561 1434 633 1470 quae
654 1417 789 1454 subinde
810 1417 844 1451 in
866 1416 977 1451 vitreis
989 1426 1052 1469 ηιξ-

231 1475 300 1510 stris
308 1471 442 1522 speculis
451 1468 658 1506 observamus
669 1467 816 1514 stigmata
827 1483 838 1509 5
849 1477 917 1501 non
925 1465 943 1499 ὲ
955 1460 1051 1497 simili

232 1522 337 1558 halitu
352 1526 367 1563 (
378 1520 468 1569 quod
479 1522 495 1556 ὲ
508 1517 620 1554 multis
631 1516 774 1552 creditur
786 1518 801 1558 )
814 1525 1006 1563 provenere,
1017 1520 1050 1549 at

226 1573 251 1616 ,ὲ
264 1570 397 1608 materia
409 1569 497 1604 retro
511 1565 666 1602 obducta.

387 1663 721 1701 PROBLEMA
760 1660 890 1696 VIII„

234 1765 302 1818 An
323 1761 424 1829 'Dffm
449 1761 583 1808 homini
604 1756 875 1826 perfeflissimm
894 1765 911 1804 ἓ
1031 1818 1033 1820 q

299 1831 480 1899 (PerfeHio
509 1834 606 1893 'hilm
620 1828 712 1876 unde
723 1824 947 1892 defimenda.
960 1822 1056 1891 Vfi‘

306 1913 396 1951 vam
403 1902 599 1964 potentium
617 1896 778 1946 Scotus
803 1901 857 1944 ait
868 1900 906 1943 in
919 1895 1057 1943 homine

303 1982 356 2021 (9-
370 1971 481 2017 brutis
491 1966 555 2033 effi
567 1969 725 2014 eamdem
726 1964 1058 2032 specie38caliger

304 2054 421 2106 negat.
432 2039 471 2086 V
468 2040 531 2101 ¹fi⁰
543 2037 688 2082 hominis
698 2037 749 2099 ψ
756 2036 963 2110 ρενῄεὲἶὶον,
974 2053 1060 2083 con-

313 2123 371 2157 tra
383 2104 668 2170 Cristophor.
692 2103 719 2148 ὲ
736 2106 871 2169 Vega.
887 2105 1062 2152 Acciden-

312 2178 430 2226 taliter
438 2177 537 2236 ‘visus
559 2173 708 2220 hominis
734 2176 843 2219 etiam
865 2174 918 2236 est
939 2171 1063 2235 perfit-

313 2248 416 2294 ἕῖὶον.
444 2242 576 2309 Aquilae
590 2245 688 2305 visua
701 2257 867 2305 organum
880 2240 1064 2304 estsi’nile.

307 2313 488 2365 Mtranda
500 2310 598 2375 'nffm
611 2312 759 2358 humani
773 2309 945 2373 exempla.

415 2428 484 2465 Isus
503 2425 659 2476 perfectio
678 2423 732 2462 seu
751 2424 932 2474 praestantia
943 2422 1068 2459 desumi

415 2477 519 2525 potest
529 2475 582 2511 vel
603 2487 644 2511 ex
654 2474 721 2520 ejus
748 2473 896 2518 essentia,
918 2472 972 2509 vel
981 2475 1067 2508 acci-

415 2524 581 2569 dentibus,
590 2523 654 2559 hoc
661 2522 717 2569 est,
729 2521 870 2572 quadam
880 2520 1069 2570 perspicaci-

420 2585 487 2609 tate
509 2584 563 2608 aut
581 2573 759 2608 acrimonia
779 2570 941 2606 cernendi.
957 2569 1069 2606 Essen—

248 2622 330 2657 t'iam
341 2622 431 2703 epod
443 2624 570 2665 attinet,
581 2634 653 2656 eam
664 2624 802 2656 Ioannes
812 2621 908 2654 Duns
918 2617 1068 2668 palmaris

249 2667 348 2704 Philo
363 2669 466 2717 ophus
487 2669 676 2705 hominibus
685 2682 760 2704 cum
782 2668 884 2704 brutis
896 2669 1070 2702 animanti-

250 2716 310 2752 bus
321 2721 494 2752 commune
505 2717 575 2762 esse,
589 2730 645 2752 nec
654 2716 755 2766 specie
764 2727 819 2753 aut
829 2729 944 2764 genere
954 2715 1069 2752 distare

251 2765 423 2800 hominum
436 2764 538 2800 visum
551 2772 582 2801 bc
595 2765 787 2811 belluarum,
798 2767 904 2800 innuit
916 2765 1069 2810 lib.-pr1mo

250 2811 317 2860 dista
329 2826 360 2848 2.
373 2812 462 2860 quast.
481 2818 536 2848 ult.-
557 2813 686 2850 afferens
705 2812 828 2849 tametsi
839 2816 945 2849 anima
952 2812 1069 2862 aquilae

254 2866 288 2897 ὃ(
302 2864 408 2896 anima
417 2860 513 2895 bovis
525 2861 671 2896 differant
681 2859 782 2910 specie
795 2887 809 2905 5
817 2876 884 2897 non
893 2874 1002 2897 tamen
1015 2865 1068 2898 vi-

255 2908 354 2945 sivam
363 2907 548 2944 facultatem
563 2911 596 2942 in
608 2908 671 2944 hoc
684 2916 716 2945 &
739 2912 773 2944 in
783 2909 839 2946 illa
851 2923 1007 2958 quatenus
1019 2921 1070 2945 ta-

254 2957 319 2994 lem
330 2962 362 2993 &
372 2956 470 2992 talem
482 2955 711 3004 perfeetionem
721 2956 822 3005 specie
839 2958 977 2995 differre.
999 2963 1016 2994 Ι
1021 2970 1070 2994 ta-

282 3020 322 3041 ue
332 3019 372 3041 ex
383 3004 478 3051 hujus
487 3004 641 3040 sententia
649 3003 755 3038 nihilo
776 3007 821 3041 est
841 3006 1000 3043 humanus
1011 3007 1070 3043 ad-

254 3020 377 3102 Ppefflms
389 3052 561 3089 brutorum
572 3051 640 3088 visu
648 3050 849 3088 essentialiter
858 3055 1069 3100 praestantior«

258 3107 371 3152 Atque
381 3101 449 3139 haec
470 3103 605 3152 quidem
616 3102 731 3150 opinio
741 3125 754 3146 ‚
773 3104 922 3150 quamvis
935 3105 953 3139 ὲ
965 3106 1070 3140 maxi-

589 193 745 230 VOP.
795 182 1281 225 FORTVNATI
1333 181 1667 217 PLEMPII

1099 247 1158 281 mis
1172 243 1378 294 Philosophis
1391 245 1502 294 passim
1525 249 1558 281 &
1580 255 1712 295 excepta
1733 242 1830 281 fuerit
1841 243 1925 284 serm
1957 245 1959 248 ’
1986 238 1990 278 ἶ

1101 306 1157 342 per
1169 298 1200 328 &
1213 296 1418 342 pertinaciter
1439 296 1642 342 propugnata
1654 321 1663 336 ,
1683 292 1838 350 superiori
1850 308 1926 331 aevo
1987 322 1990 323 γ

1102 354 1210 377 tamen
1232 341 1336 377 Iulius
1359 340 1500 390 Scaliger
1522 340 1730 378 subtilissimis
1743 341 1925 379 rationibus
1986 351 1990 367 “·

1099 389 1198 438 ipsam
1218 403 1404 439 oppugnare
1425 389 1581 439 aggressus
1602 390 1656 426 est.
1677 395 1754 438 Ego
1774 393 1925 440 quamvis
1988 400 1990 403 ’

1103 451 1278 487 utrumque
1289 438 1521 487 problematice
1535 439 1649 487 possim
1660 438 1925 487 defendere,pro—

1105 490 1214 522 ximus
1224 498 1331 522 tamen
1355 486 1423 523 sum
1443 487 1482 522 ad
1495 486 1734 523 desciscendum
1748 489 1765 523 a
1777 487 1922 535 partibus

1104 537 1216 578 Secti,
1229 535 1469 585 dicendumque
1480 535 1623 571 hominis
1636 534 1743 571 visum
1754 535 1924 571 esstntiali·
1988 544 1990 563 ³

1102 595 1151 619 ter
1162 585 1218 617 essc
1230 584 1400 619 brutorum
1412 583 1482 620 visu
1492 582 1731 632 perfectiorem.

1157 630 1414 679 Christophorus
1425 658 1436 677 ‚
1458 634 1476 667 a
1501 637 1591 679 vega
1601 632 1799 668 doftissimus
1812 631 1925 667 Medi-

1103 691 1158 713 cus
1170 681 1220 716 lib.
1235 684 1309 715 nde
1320 691 1382 713 ane
1393 687 1468 716 Med.
1482 679 1651 715 nobiscum
1668 680 1774 725 sentit,
1789 678 1922 717 visivam

1105 726 1278 763 humanam
1290 730 1306 763 a
1321 727 1421 764 visivfi
1434 727 1585 764 facultate
1600 728 1687 763 bruti
1701 726 1802 777 specie
1814 729 1924 767 differ-

1104 788 1150 810 re:
1165 789 1239 811 cum
1253 776 1316 811 hoc
1338 788 1446 812 tamen
1457 777 1608 821 affirmat,
1627 776 1785 813 visionem
1806 776 1923 814 huma-

1104 836 1178 859 nam
1190 827 1206 861 ὲ
1220 823 1341 862 visione
1354 825 1440 860 bruti
1452 851 1464 871 ‚
1485 825 1541 860 ubi
1562 823 1621 859 sint
1642 823 1783 872 ejusdem
1804 825 1924 874 objeffl

1104 885 1241 908 numero
1251 885 1304 907 aut
1314 872 1414 921 specie
1423 900 1435 918 ‚
1457 887 1523 908 non
1542 872 1670 909 differre
1691 872 1792 922 specie
1803 889 1813 916 3
1834 874 1924 921 cujus

1104 920 1278 956 assertionis
1302 921 1425 957 nullam
1453 921 1556 957 adfert
1575 921 1816 969 probationem.
1847 926 1926 972 Ego

1106 969 1186 1003 vero
1199 968 1240 1004 sic
1250 970 1432 1017 judicarim:
1441 969 1517 1005 cum
1526 972 1560 1005 in
1571 968 1745 1014 vifione‚ut
1763 969 1854 1020 supra
1865 975 1925 1008 de-

1105 1018 1319 1054 monstratum
1331 1018 1375 1053 cst
1384 1043 1396 1063 ‚
1416 1029 1487 1053 tum
1499 1018 1597 1067 passio
1607 1029 1678 1054 turn
1691 1020 1776 1054 anstio
1786 1033 1927 1056 concur·

1105 1076 1188 1110 rant,
1204 1067 1378 1114 passionem
1389 1067 1535 1116 quidem,
1548 1066 1582 1102 id
1593 1066 1648 1111 est,
1658 1068 1877 1115 receptionem
1890 1073 1923 1105 δι

1104 1114 1282 1161 Ρίἃίοηεῐη
1294 1115 1499 1161 objefimrum
1517 1118 1551 1150 in
1572 1118 1681 1150 tunica
1702 1116 1804 1151 retina
1823 1117 1881 1153 esse
1892 1119 1927 1152 in

1106 1164 1241 1198 homine
1252 1169 1283 1198 ὃ(
1298 1163 1395 1199 bruto
1406 1162 1506 1212 specie
1516 1163 1676 1206 eamdem;
1685 1166 1804 1213 quippe
1815 1165 1855 1200 ab
1866 1165 1926 1201 eis-

1105 1211 1182 1247 dem
1191 1210 1292 1260 specie
1302 1211 1339 1247 sit
1350 1211 1478 1261 speetris
1489 1212 1683 1249 visibilibus:
1696 1213 1858 1250 cretionem
1868 1228 1937 1250 au·-

1106 1269 1186 1305 tem‚
1199 1261 1263 1308 qua
1274 1274 1387 1309 nempe
1397 1262 1520 1309 pietura
1532 1260 1588 1295 illa
1597 1258 1804 1308 cognoscitur
1815 1267 1845 1297 δι
1859 1262 1925 1299 dis-

1107 1311 1261 1353 cernitur,
1273 1311 1306 1343 in
1318 1309 1451 1345 homine
1461 1311 1560 1359 quarn
1571 1309 1670 1344 bruto
1679 1308 1736 1344 esse
1748 1310 1925 1357 nobiliore,

1107 1358 1184 1404 quia
1203 1357 1358 1393 videlicet
1387 1360 1542 1406 potentiae
1564 1356 1738 1394 nobilioris
1757 1358 1801 1394 est
1826 1361 1924 1397 affim

1106 1406 1187 1439 Haec
1194 1405 1236 1441 de
1246 1404 1396 1441 essentiali
1406 1405 1616 1455 perfectione.

1155 1453 1256 1502 Qod
1268 1452 1385 1501 spectat
1395 1454 1435 1490 ad
1446 1452 1674 1490 accidentalem
1685 1481 1697 1500 ‚
1719 1454 1795 1491 cum
1807 1454 1874 1490 haec
1885 1469 1926 1493 ex

1106 1504 1254 1536 acumine
1264 1503 1415 1538 cernendi
1428 1523 1439 1547 ‚-
1451 1507 1482 1537 &
1495 1501 1623 1537 meliori
1636 1503 1841 1550 obieftorum
1853 1503 1929 1541 asse-

1108 1551 1241 1583 cutione
1252 1550 1436 1586 attendatur
1446 1576 1457 1595 ,
1467 1563 1565 1586 nemo
1577 1550 1707 1587 dubitat
1717 1564 1847 1599 negare,
1859 1552 1926 1590 hoc

1108 1598 1203 1646 pasto
1215 1595 1321 1633 visum
1341 1597 1469 1634 homini
1480 1598 1537 1634 esse
1545 1597 1809 1648 perfeffiffimum
1822 1614 1831 1635 z
1852 1614 1927 1639 nam

1110 1651 1143 1681 &
1155 1649 1254 1694 Lynx
1274 1651 1305 1682 &
1329 1647 1454 1696 Aquila
1474 1660 1512 1682 ea
1532 1648 1811 1696 comprehendunt
1820 1673 1832 1692 ,
1855 1663 1929 1698 quae

1107 1692 1215 1730 homo
1227 1694 1408 1731 nullatenus
1418 1696 1862 1744 attingit.Verumenimvero
1873 1711 1932 1733 ne-
1945 1697 1949 1701 ”

1109 1756 1175 1792 que
1186 1743 1247 1779 hac
1256 1744 1392 1793 quidem
1404 1746 1531 1780 ratione
1544 1743 1714 1780 hominem
1736 1744 1842 1780 brutis
1864 1743 1932 1783 illis

1109 1792 1222 1828 cedere
1232 1793 1275 1828 est
1295 1793 1551 1829 concedendum.
1576 1792 1772 1829 Aristoteles
1790 1794 1840 1830 lib.
1857 1806 1888 1843 5.
1898 1796 1935 1831 de

1106 1852 1207 1887 gener.
1219 1853 1310 1878 amm.
1327 1853 1351 1877 c.
1368 1841 1528 1886 1.docet,
1547 1841 1639 1877 acute
1662 1854 1791 1878 cernere
1801 1842 1933 1889 duobus

1111 1889 1220 1925 modis
1230 1889 1309 1936 dici,
1320 1900 1371 1925 aut
1380 1902 1513 1935 quomam
1523 1887 1543 1924 ιὶ
1552 1893 1637 1935 longe
1643 1894 1792 1936 cemimus,
1800 1901 1852 1925 aut
1862 1903 1936 1937 quo-

1111 1941 1192 1973 niam
1203 1950 1298 1974 rerum
1315 1938 1486 1986 dtfferentias
1496 1950 1645 1975 cernamus&
1664 1943 1782 1989 Itaque
1801 1937 1858 1975 etsi
1876 1939 1936 1976 ista.

1112 1986 1263 2024 animalia
1285 1989 1304 2025 ὲ
1326 1987 1424 2036 longe
1447 1985 1564 2024 melitis
1575 1989 1675 2036 quam
1686 1986 1792 2023 homo
1809 1987 1946 2036 prospi-‘

1114 2037 1214 2081 ciant,
1224 2035 1343 2072 certius
1361 2047 1470 2071 tamen
1492 2036 1545 2071 hic
1563 2034 1803 2085 distinc‘tiusque
1823 2048 1936 2072 rerumv

1115 2083 1309 2120 differentias
1336 2083 1535 2120 internoscit.
1573 2084 1615 2120 Id
1634 2086 1722 2120 enim
1741 2083 1938 2121 Aristoteles

1113 2130 1254 2169 secundo
1265 2136 1367 2182 capite
1379 2134 1516 2169 affirmat
1527 2158 1538 2177 ,
1549 2130 1625 2167 cum
1634 2134 1742 2182 inquit
1754 2148 1762 2168 =
1786 2139 1877 2168 Homo
1882 2142 1940 2178 pru

1116 2183 1312 2225 magnitudine
1322 2179 1438 2215 minim&
1445 2180 1508 2227 fer&
1519 2193 1642 2214 omnium
1660 2184 1829 2216 animalium
1835 2184 1936 2226 procul

1111 2227 1221 2274 sentire
1226 2228 1329 2275 potest;
1336 2241 1399 2263 cum
1410 2237 1505 2262 tamen
1516 2227 1738 2273 differentiarum
1744 2229 1828 2275 sensu
1837 2232 1937 2263 maxi-

1117 2273 1162 2310 m}
1175 2279 1299 2311 omnium
1321 2280 1428 2313 valeat.
1456 2276 1513 2311 Est
1534 2275 1603 2311 sane
1625 2274 1783 2313 visorium
1804 2276 1938 2327 Aquilae
1962 2299 1964 2301 >

1119 2336 1278 2372 organum
1288 2324 1359 2360 mea
1372 2323 1505 2374 quidem
1517 2324 1672 2372 opinione
1694 2324 1840 2372 ignobile
1851 2325 1940 2371 ,du-1

1120 2384 1195 2407 rum
1207 2377 1238 2408 &
1253 2372 1341 2423 quasi
1351 2371 1448 2410 senile
1459 2398 1472 2418 ,
1482 2373 1574 2421 quod
1583 2371 1624 2407 ad
1636 2385 1685 2407 res
1693 2372 1809 2421 procul
1818 2374 1941 2410 diffitas·

1121 2418 1159 2456 sit
1166 2419 1341 2470 perspicax,
1355 2421 1395 2456 ad
1407 2423 1603 2470 propinquas
1614 2419 1711 2456 hebes
1723 2425 1755 2457 &
1766 2420 1871 2470 segne:
1892 2421 1938 2457 ob
1955 2457 1960 2462 ,

1121 2482 1221 2518 quam
1232 2483 1301 2505 rem
1312 2471 1398 2518 potis
1408 2468 1453 2505 est
1462 2469 1618 2504 obtutum
1639 2470 1671 2504 in
1683 2469 1794 2505 Solem
1814 2469 1939 2518 defige-⁴

1121 2530 1155 2552 re
1168 2543 1183 2562 ,-
1202 2519 1294 2566 quod
1306 2520 1419 2568 nequit
1429 2517 1533 2554 homo
1546 2543 1559 2563 ,
1584 2516 1630 2553 ob
1641 2515 1770 2565 sensorij
1780 2521 1938 2554 teneritua

1122 2565 1246 2603 dinem.
1329 2569 1334 2575 “

1171 2614 1342 2651 Caeterum
1352 2628 1457 2665 neque
1470 2616 1554 2651 inter
1565 2614 1714 2650 homines
1725 2612 1871 2659 defuere,
1881 2617 1942 2665 qui

1122 2663 1302 2712 aquilinam
1312 2663 1486 2699 oculorum
1497 2665 1600 2700 aciem
1621 2662 1803 2710 superarent
1823 2663 1939 2699 viden-

1122 2711 1181 2747 do.
1193 2714 1315 2748 Cicero
1327 2724 1362 2758 4.
1375 2713 1464 2748 Acad.
1476 2713 1510 2747 in
1518 2710 1635 2748 scholis
1647 2710 1822 2760 quemdam
1831 2713 1942 2748 nomi⁴

1123 2761 1192 2794 nari
1208 2761 1319 2804 tradit,
1329 2763 1385 2810 qui
1395 2761 1579 2810 pervideret
1599 2758 1688 2795 mille
1699 2763 1731 2794 δε
1744 2760 1944 2808 offingentis⁴

1122 2807 1228 2854 stadiis
1238 2807 1389 2846 absentia.
1404 2809 1526 2844 Plinius
1545 2807 1630 2843 hunc
1651 2807 1819 2843 Strabonem
1841 2820 1940 2844 voca-

1122 2866 1194 2891 tum
1204 2869 1243 2891 ex
1254 2860 1306 2893 M.
1321 2861 1468 2894 Varrone
1478 2856 1599 2893 reddit:
1610 2854 1744 2891 solitum
1754 2867 1862 2891 autem
1875 2860 1940 2892 Pu-

1123 2906 1199 2940 nico
1215 2903 1305 2940 bello
1315 2909 1342 2950 ,'
1352 2909 1371 2944 ὲ
1392 2905 1534 2954 Lilybeo
1555 2903 1672 2941 Siciliae
1693 2906 1941 2952 promontorio5·

1123 2965 1260 2989 exeunte
1271 2952 1360 2990 claffe
1373 2953 1584 3001 Carthaginis
1594 2964 1706 3002 portu,
1715 2954 1813 2988 etiam
1823 2964 1938 2988 nume-

1122 3015 1196 3038 rum
1205 3004 1338 3038 navium
1348 3003 1465 3039 dicere.
1471 3008 1579 3050 Qm
1587 3014 1696 3037 tamen
1706 2999 1864 3036 visionem
1875 3012 1936 3048 ope

1121 3049 1242 3100 specilli
1251 3048 1304 3085 vel
1315 3051 1452 3101 dioptrae
1462 3051 1621 3099 peraetam
1633 3046 1721 3085 fuisse
1735 3048 1936 3095 conjefitura-

1121 3112 1156 3137 re
1167 3099 1296 3138 videtur
1306 3101 1513 3137 Hos'mannus
1522 3107 1675 3135 commeent.>
1682 3099 1712 3132 in
1722 3097 1876 3179 Galama}
1883 3106 1939 3190 1}ae

1861 3155 1876 3179 e
1885 3154 1899 3176 0
1921 3159 1938 3178 0¹
