1990 3386
223 161 296 200 '³94

230 211 275 248 est
285 210 541 260 frigidi'i.1taque
551 205 631 241 dum
644 216 710 237 non
722 212 837 247 magna
849 197 936 252 adest
947 210 1051 252 venu-

233 258 338 296 larum
348 258 561 305 conjiinctivae
574 248 790 300 oppletio‚sed
802 257 937 283 materia
948 258 1051 293 magis

232 309 285 345 sua
297 308 472 344 acrimonia
486 309 515 338 δι’
530 300 742 337 mordacitate
751 294 896 333 ,molesta
905 293 949 330 est
958 320 969 341 ,
982 306 1053 330 tum

233 359 291 392 ovi
305 356 455 392 albumen
469 348 745 387 accommodatius
753 346 809 381 est.
865 378 869 382 .

282 407 362 440 Haec
372 416 453 451 aqua
469 403 501 435 in
514 398 650 434 oculum
673 394 824 430 instillata
843 389 938 427 sedat*
955 388 1055 445 dolo-

195 474 200 479 ·
233 450 449 497 rem‚fluxum
459 445 633 496 compescit
649 471 660 489 ‚
680 449 711 479 &
725 444 837 493 aliquo
850 440 953 475 modo
963 438 1056 486 dige-

235 503 289 538 rit.
306 505 348 536 R.
364 497 503 535 Medull.
543 497 610 534 anis
621 494 686 529 alb.
699 506 774 528 unc.
792 503 845 526 1v.
857 486 985 542 infund.
1002 500 1058 535 pei·

236 550 324 583 noct.
338 550 371 582 iri
391 561 442 596 aq.
468 510 613 589 roiiicea,
633 543 699 592 qua
720 553 824 577 utere«.
844 535 1058 586 AEquivalens

238 596 313 631 huic
333 596 377 631 est
397 609 480 645 aqua
502 591 627 629 rosacea
647 604 722 626 curn
741 589 818 625 albo
840 589 899 621 ovi
932 584 1059 619 tamdiu

237 644 454 693 conquassfita,
465 644 569 679 donec
579 637 752 689 spumescat
766 653 774 672 ι
798 634 917 675 deinde
927 644 1059 687 tenuem

235 692 358 740 stupam
371 696 403 728 in
422 707 463 728 eo
485 694 574 739 tinge
590 715 601 734 ‚
627 701 724 738 atque
746 685 846 721 oculo
868 682 1003 731 applica.
1026 684 1059 716 Si

237 744 338 788 magis
348 742 494 789 digerere
504 743 553 775 vis
565 764 576 783 ‚
598 737 681 772 adde
694 737 820 770 vinum.
839 734 903 767 Vel
914 743 988 782 cape
1001 732 1061 765 de-

238 791 368 825 coetum
382 789 542 826 foliorum
552 785 667 823 maluae
680 787 713 820 in
725 797 777 833 aq.
791 780 916 817 rosacea
925 782 1060 824 tactum,

238 838 343 887 eoque
354 838 469 874 oculos
481 837 570 873 fove.
794 867 799 872 ,

284 887 437 922 Praestans
459 899 592 934 quoque
615 883 680 926 est,
700 879 792 930 quod
814 881 1061 927 Montano-erat

236 934 395 970 familiare
411 950 420 976 3
434 933 554 969 scilicet
575 930 678 970 Rosas
692 957 702 974 ‚
727 933 861 977 Myrtos
880 926 1061 959 cumsoeno

237 986 372 1028 Graeco,
384 981 623 1025 Cliamaemle
636 983 721 1025 Sem.
740 976 797 1011 lini
808 978 841 1009 in
852 988 903 1022 aq.
918 972 1059 1021 plantag.

237 1045 392 1082 coquere,
402 1037 432 1068 δέ
446 1034 529 1066 in-eo
541 1030 680 1066 decocto
693 1038 814 1075 pannos
828 1022 931 1057 lineos
944 1020 1067 1069 tenuis--v

238 1079 336 1117 {imos
347 1094 382 1116 ac
393 1079 598 1116 mollissimos
612 1073 808 1123 multiplices
832 1073 872 1106 ad
892 1068 979 1105 oculi
993 1082 1062 1103 ma-

234 1130 445 1176 gnitudinem
457 1133 487 1163 &
501 1127 643 1163 formam
653 1121 867 1171 complicatos
882 1119 939 1154 diu
955 1130 1063 1172 mace-

239 1190 322 1222 rare,
334 1192 369 1214 ac
380 1178 498 1213 deinde
511 1175 615 1211 oculis
639 1173 817 1209 admovere
828 1195 837 1212 ‚
851 1167 955 1202 aestate
968 1171 1063 1213 isigi-

232 1227 347 1274 gidos‚
357 1227 472 1273 hyeme
487 1224 622 1259 calidos:
645 1219 851 1257 observando
872 1215 1060 1273 diligenter,

239 1286 287 1319 ut,
321 1275 484 1324 riusquam
497 1273 645 1315 arescant,
660 1276 904 1320 removeantur,
918 1276 1064 1312 novique

236 1288 449 1371 applicentur.
463 1325 508 1356 Et
518 1322 559 1356 cle
571 1322 672 1361 foeno⁴
681 1321 802 1369 Gne-co
815 1314 949 1363 quidem
961 1316 1064 1348 Gale-

240 1384 300 1407 nus
311 1372 414 1416 dicit,
437 1371 504 1417 ejus
526 1370 700 1405 decoctum
711 1367 767 1402 elle
780 1363 981 1399 mcdlcamen
993 1374 1065 1395 ma-

237 1421 327 1455 xime
337 1422 488 1456 omnium
503 1444 514 1463 ‚
535 1432 607 1467 quae
619 1415 728 1453 oculis
751 1412 951 1461 applicantur
964 1435 974 1454 ,
1000 1408 1065 1445 fine

239 1481 327 1504 noxa
337 1469 498 1516 digerens,
524 1468 630 1501 Parati
652 1465 687 1500 id
708 1462 824 1497 melius
845 1460 888 1494 est
910 1471 953 1492 ex
965 1459 1065 1492 herba

240 1515 305 1564 ipsa
318 1516 397 1552 ben&
413 1517 494 1560 lota,
507 1518 607 1564 quam
618 1517 658 1550 ex
669 1513 800 1554 semine,
811 1519 847 1545 ut
859 1517 972 1543 monet
985 1508 1067 1552 Sep-

241 1564 351 1610 talius,
365 1571 397 1601 ἃ
412 1577 484 1601 ante
497 1563 600 1612 ipsum
614 1568 726 1598 Petrus
740 1559 856 1593 Salius.
880 1554 943 1608 Sed
957 1566 1066 1588 tamen

238 1627 279 1649 ex
290 1614 408 1649 semine
420 1616 518 1648 etiam
533 1626 599 1647 non
611 1612 742 1647 videtur
754 1610 997 1657 inconveniens,
1008 1602 1067 1635 de-

240 1661 371 1698 ficiente
382 1661 494 1705 herba,
507 1659 529 1695 si
540 1673 581 1694 ex
591 1658 776 1707 praescripto
789 1652 909 1706 Galerii
922 1661 1066 1703 primum

237 1709 411 1746 decoctum
421 1709 602 1756 abjiciatur,
615 1710 691 1756 quia
702 1715 774 1740 tum
782 1713 851 1736 non
862 1708 964 1734 aderit
976 1709 1068 1732 acre·-

240 1759 286 1794 do
302 1763 333 1793 ἃ
346 1759 444 1792 calor.
508 1762 510 1765 '
936 1773 939 1776 «

201 1820 205 1825 ·
288 1805 443 1841 Praesente
455 1810 485 1840 &
498 1800 812 1843 infestante'dolore5
837 1797 936 1832 noetu
959 1791 1070 1842 palpe-

239 1854 306 1891 brae
319 1867 354 1889 ac
365 1865 455 1890 totus
465 1852 592 1897 oculus,
602 1850 748 1887 maxime
760 1848 801 1897 ad
811 1844 946 1894 angulos
967 1850 998 1878 ἃ
1011 1856 1070 1879 ex-

241 1905 421 1939 tremitates
435 1927 446 1948 ,
481 1901 597 1939 leniter
617 1910 780 1948 ungantur
800 1896 864 1931 hoc
886 1903 1067 1947 unguento,

243 1952 336 2000 quod
350 1965 409 2000 pro
421 1951 543 1988 secreto
556 1948 658 1998 aliqui
673 1947 856 1984 habent.R÷
870 1946 987 1989 Butyri
1001 1954 1072 1996 ma-

244 1999 300 2036 ial.
314 2002 490 2048 diligenter
501 1999 583 2035 eloti
595 1998 742 2041 drachm.
761 2007 810 2030 ii.
836 1992 911 2028 huic
933 1988 1072 2028 admisce

231 2048 345 2096 lapid.
365 2048 566 2083 calaminaris
577 2045 755 2084 tenuiss‘ime
767 2045 837 2079 triti
849 2050 1008 2091 quantum
1019 2051 1073 2074 ca-

245 2109 320 2144 pere
329 2099 450 2145 poterit
464 2095 634 2143 butyrum:
648 2107 719 2130 tum
729 2106 822 2129 mane
832 2090 981 2126 abluatur
992 2099 1073 2122 ocu-

246 2146 296 2181 lus
308 2159 361 2193 aq.
376 2143 517 2188 rosacea,
531 2146 582 2178 cui
594 2145 722 2178 incocta
733 2143 777 2177 est
788 2139 997 2176 malua.1tem
1010 2135 1074 2171 hoc

245 2204 451 2240 unguentum
471 2192 582 2227 laudo.
607 2196 653 2228 R.
678 2196 846 2238 Vnguent.
870 2184 1013 2222 alabastr.
1026 2183 1074 2220 se-

247 2255 356 2278 munc.
370 2240 459 2277 laetis
477 2240 630 2276 muliebr.
645 2252 716 2275 unc.
733 2251 780 2273 11.
794 2235 908 2278 Misce,
921 2233 1073 2267 imbuan-

245 2302 300 2326 tur
310 2304 350 2325 eo
360 2292 453 2338 petiae
467 2289 572 2333 lineae,
585 2293 615 2324 &
630 2287 729 2325 oculo
743 2293 946 2334 apponantur
962 2295 969 2314 :
985 2280 1074 2316 valet

246 2341 281 2374 in
291 2338 408 2374 dolore
425 2340 443 2374 ξι
453 2337 598 2388 qualibet
610 2336 776 2373 causa.Vti
790 2335 887 2369 etiam
898 2330 966 2365 haec
979 2341 1074 2377 aqua.

250 2393 343 2436 Cape
356 2401 472 2432 ovum,
482 2399 587 2436 coque
600 2386 640 2421 ad
653 2385 809 2421 duritiem
821 2397 831 2424 3
850 2383 956 2415 exime
968 2378 1076 2425 postea

248 2435 401 2473 vitellum
416 2462 426 2480 ‚
449 2442 480 2471 δι
504 2433 653 2474 saccharo
673 2435 849 2469 cavitatem
868 2426 988 2476 imple:
1006 2437 1076 2461 tum

248 2484 369 2533 colliga
381 2498 497 2529 ovum,
510 2488 540 2518 &
554 2483 571 2518 ὲ
585 2482 644 2518 filo
660 2485 693 2518 in
703 2494 800 2516 cavea
810 2477 975 2526 suspende3
995 2487 1077 2524 aqua

251 2546 321 2581 qua:
334 2531 509 2569 destillabit
522 2559 533 2577 ‚
554 2530 622 2567 usui
645 2531 699 2566 est.
723 2533 799 2566 Hoc
820 2530 919 2563 etiam
930 2536 1017 2559 utor.
1029 2526 1074 2559 R.

249 2583 361 2617 Tutiae
373 2594 506 2631 praepar.
521 2580 749 2616 semidraclim.
760 2574 916 2626 aq.rosac.
932 2585 1009 2626 unc..
1026 2582 1074 2606 11.

250 2627 315 2665 alb.
337 2633 393 2665 ovi
417 2629 580 2678 conquass.
606 2627 746 2664 semunc.
781 2624 894 2661 Misce.
925 2625 1078 2669 Demque

249 2689 402 2725 propono
414 2679 686 2714 medicamentum
700 2677 849 2710 Saxoniae
863 2698 873 2717 ‚
897 2670 989 2719 quod
1001 2675 1079 2702 Dia-

251 2726 382 2774 butyrum
404 2726 541 2774 appellat
555 2753 565 2771 ‚
588 2732 619 2762 δέ
641 2724 930 2774 praestantissimum
950 2718 1004 2754 est.
1027 2720 1079 2752 Fit

251 2773 315 2809 hoc
327 2774 440 2809 modo:
458 2779 500 2811 R.
522 2778 639 2823 Butyri
664 2774 725 2809 loti
740 2786 794 2821 aq.
815 2770 914 2807 rosac.
938 2766 1077 2804 semunc.

254 2824 367 2857 Tutiae
381 2834 545 2869 praeparat.
562 2821 785 2859 semidrachm.
800 2818 961 2867 caphurae
974 2829 1024 2864 gr.
1042 2830 1077 2850 v.

254 2868 369 2906 Misce.
382 2871 444 2905 Sed
458 2870 673 2918 usurpandum
684 2871 727 2906 est
744 2871 872 2907 tantum
885 2868 919 2901 in
932 2865 1013 2916 statu
1025 2862 1080 2899 vel

253 2929 433 2965 augmento
447 2915 724 2955 inflammationis,

305 2966 360 3001 Ad
372 2967 479 3013 opiata
489 2991 499 3010 ,
523 2968 570 3000 uti
582 2967 615 2999 in
629 2966 697 3011 aliis
721 2965 875 3001 omnibus
886 2961 1022 3007 casibus,
1034 2964 1080 2997 ita

255 3014 316 3050 hic
328 3015 401 3049 raro
424 3013 618 3049 veniendum
630 3014 693 3048 est:
714 3013 736 3048 si
756 3014 854 3057 dolor
864 3025 971 3048 tamen
986 3010 1080 3047 valde

255 3074 367 3111 urgeat
376 3089 388 3109 ,
407 3061 478 3098 sunt
489 3060 676 3110 usurpanda.
720 3063 787 3095 Prae
800 3064 921 3098 caeteris
936 3058 1022 3096 valet
1033 3057 1082 3109 :tl-3

559 146 708 183 VOP.
756 138 1221 179 FORTVNATI
1273 138 1602 174 PLEMPI'I

1104 194 1186 232 bum
1196 200 1254 234 ovi
1263 201 1422 246 agitatum
1432 211 1506 234 cum
1517 197 1654 234 decoeio
1665 201 1829 248 papaveris
1840 201 1918 242 albi.

1106 245 1210 292 Qd
1220 245 1242 283 fi
1255 247 1362 283 minus
1373 247 1489 283 efficax
1501 245 1538 283 fit
1549 273 1560 292 ,
1581 246 1662 283 adde
1685 248 1812 297 aliquot
1823 261 1923 296 grana

1108 293 1188 341 opii.
1205 294 1269 332 Vel
1278 298 1420 346 capiatur
1431 294 1505 339 sies,
1527 298 1560 330 id
1571 294 1614 330 est
1624 295 1799 345 collyrium
1812 303 1922 337 album

1111 341 1225 378 Rhafis
1235 352 1309 381 cum
1321 347 1447 392 opio,&
1457 342 1649 379 dissolvatur
1658 347 1691 380 in
1701 359 1752 394 aq.
1765 345 1924 385 rosac.vel

1106 388 1448 439 plantag.lnstillamus
1461 404 1569 428 autem
1579 392 1646 427 haec
1655 392 1770 437 oculis,
1781 406 1835 430 aut
1845 408 1926 444 pan-

1109 452 1186 474 num
1198 439 1320 477 lineum
1342 440 1477 478 mollem
1491 467 1502 485 ,
1528 440 1582 476 vel
1604 451 1734 477 tenuem
1753 442 1874 491 stupam
1885 445 1942 492 ijs*

1107 487 1268 524 imbutam
1278 490 1377 525 oculo
1389 487 1595 538 applicamuS,
1607 490 1766 535 cavendo,
1777 505 1815 526 ne
1825 492 1927 528 exfic-
1958 486 1965 509 ¹*
1978 530 1979 535 ¹

1109 546 1209 581 cetur,
1222 550 1276 573 aut
1289 537 1425 574 calefiat.
1442 542 1525 573 Nam
1538 535 1560 573 si
1572 536 1779 574 exsiccaretur
1791 565 1802 584 ‚
1816 541 1928 577 adhae-

1109 595 1192 619 reret
1205 610 1217 630 ‚
1239 591 1270 621 &
1291 587 1410 622 deinde
1421 585 1654 622 abstraheretur
1665 600 1739 622 cum
1756 587 1873 623 dolore
1881 616 1893 634 ‚
1904 592 1925 628 ὲ

1111 646 1179 681 quo
1189 647 1359 682 augeretur
1369 632 1495 670 affectus
1511 649 1519 669 z
1545 633 1567 670 fi
1579 634 1736 670 calefieret
1748 637 1765 671 a
1777 649 1927 684 corpore,

1110 682 1284 718 attraheret
1306 684 1471 718 humores.
1505 685 1659 732 Denique
1681 687 1813 719 remotis
1832 686 1930 723 diffis

1110 731 1228 777 opiatis
1239 732 1484 767 medicamentis
1494 758 1505 775 ‚
1526 732 1647 767 debent
1657 732 1744 767 oculi
1754 731 1856 769 lavari
1867 734 1928 770 de-

1111 779 1206 814 coeto
1220 780 1359 815 melilot.
1373 779 1571 815 climiaemel.
1583 779 1663 815 foeni
1676 783 1782 816 Graeci
1794 807 1806 826 ‚
1829 795 1864 819 ut
1877 787 1930 819 in-

1110 825 1244 862 ductum
1257 828 1296 863 ab
1306 830 1385 876 opio
1396 831 1515 863 vitium
1527 831 1718 876 corrigatur.

1157 878 1268 911 Etiam
1281 888 1377 926 atque
1387 879 1485 912 etiam
1496 879 1676 912 notandum
1686 877 1742 920 est,
1753 877 1842 926 quod
1852 893 1929 915 mo-

1111 935 1166 958 net
1181 930 1358 960 Montanus
1377 928 1411 960 in
1426 924 1528 970 Confil.
1555 938 1668 972 nempe
1683 954 1689 968 ‚
1708 928 1742 960 in
1763 929 1929 964 curatione

1111 972 1324 1020 ophtlialmiae
1335 974 1459 1009 adverti
1481 973 1597 1009 debere
1607 974 1844 1022 diligentiffime
1857 1001 1868 1019 ‚
1890 990 1931 1013 :in

1112 1033 1186 1070 cum
1199 1020 1260 1070 ipsa
1271 1020 1656 1066 tuberculummlcusmut
1667 1021 1788 1071 pustula
1800 1022 1837 1057 lit
1850 1038 1933 1059 con-

1112 1071 1233 1114 Juneta:
1246 1070 1363 1120 quibus
1375 1070 1431 1106 nifi
1444 1071 1574 1119 propria
1589 1074 1754 1107 curatione
1767 1069 1934 1108 succurra-

1113 1128 1235 1162 tur,aut
1246 1121 1438 1158 caecitas,aut
1448 1117 1509 1154 alia
1518 1118 1934 1169 incorrimoda'subsequen-

1113 1176 1177 1220 tur.
1190 1170 1279 1216 Ego,
1291 1170 1398 1216 inquit
1408 1195 1419 1212 ‚
1431 1166 1581 1203 miserum
1592 1169 1765 1216 quemdam
1776 1167 1933 1216 ophthal-

1114 1227 1236 1252 micum
1248 1219 1327 1252 novi
1341 1240 1354 1260 7
1367 1219 1418 1251 cui
1428 1219 1506 1252 inea
1514 1228 1602 1265 parte
1620 1229 1744 1252 corneae
1755 1243 1766 1261 ‚
1787 1231 1858 1266 qua:
1870 1228 1934 1265 pii-‘-

1113 1263 1200 1310 pillae
1213 1267 1402 1314 opponitur,
1412 1265 1534 1314 pustula
1545 1267 1647 1301 inerat
1659 1264 1932 1314 valdeexigua,ut

1115 1325 1172 1347 vix
1183 1311 1269 1350 sensu
1281 1316 1507 1362 perciperetur.
1522 1316 1609 1349 Huic
1620 1315 1805 1361 imprudens
1816 1324 1934 1350 occ'ur-
1967 1340 1973 1347 .
1987 1355 1990 1358 ι

1115 1373 1186 1396 rens
1211 1366 1362 1399 Medicus
1382 1374 1549 1414 tamquam
1572 1360 1672 1397 solam
1694 1361 1934 1410 ophthalmiam

1115 1420 1282 1446 curaturus
1293 1437 1304 1454 ‚
1314 1424 1451 1457 pomum
1463 1412 1601 1446 terventi
1614 1423 1718 1446 cinere
1730 1412 1858 1456 cot-stum
1868 1411 1935 1447 sac-

1115 1457 1281 1508 charoc'lue
1299 1459 1475 1493 conditum
1487 1458 1606 1498 temere
1620 1459 1791 1507 applicavit
1806 1475 1813 1494 :
1833 1461 1942 1509 eaque·

1116 1506 1210 1542 ηοέὶε
1223 1506 1298 1542 curn
1308 1505 1405 1541 dolor
1416 1506 1554 1541 omnino
1564 1504 1687 1541 sedatus
1697 1507 1768 1542 e‘ffet
1779 1528 1791 1552 ,
1816 1510 1936 1556 probe-

1118 1551 1181 1600 (siue
1193 1554 1429 1597 odei‘mi,ssct·,
1442 1567 1534 1588 mane
1546 1553 1637 1588 loetu's
1650 1556 1818 1592 Medicum
1829 1569 1937 1591 accer-

1117 1602 1190 1635 iivit
1200 1604 1240 1638 de
1250 1602 1383 1638 sanitate
1394 1601 1610 1649 gratulaturus
1624 1628 1635 1646 ,
1647 1615 1703 1636 nec
1722 1606 1840 1639 minori
1852 1604 1937 1640 laetia

1117 1650 1162 1685 tia
1173 1651 1303 1698 gestivit
1312 1650 1436 1691 delirus,
1445 1649 1730 1687 Medicus.Soluto
1740 1664 1846 1687 autem
1858 1660 1940 1687 o'cu-

1120 1697 1168 1745 lo,
1182 1700 1358 1749 ablatoque
1370 1696 1590 1747 cataplasmate
1602 1724 1612 1742 ‚
1630 1697 1811 1735 subsecutus
1822 1701 1866 1736 est
1876 1701 1941 1736 hu-

1119 1761 1194 1786 mor
1205 1760 1344 1798 aqueus3
1368 1760 1404 1783 ut
1416 1746 1588 1798 miserabili
1609 1759 1729 1783 eventu
1741 1762 1826 1797 aeger·
1835 1749 1940 1785 altero*

1119 1797 1219 1834 oculo
1231 1811 1333 1834 caecus
1342 1798 1530 1833 redderetur
1544 1811 1552 1831 τ
1566 1795 1625 1832 illo
1639 1793 1723 1832 enim
1736 1796 1942 1846 cataplasma—

1119 1857 1153 1883 te
1163 1845 1307 1896 disruptzss⁴
1328 1846 1453 1896 pustula
1476 1845 1711 1894 profundiore,
1732 1848 1832 1897 quam
1841 1845 1941 1884 sensui

1120 1893 1318 1946 apparuerat,
1332 1895 1422 1931 ulcus
1433 1894 1604 1931 subortum
1613 1894 1668 1930 est.

1173 1947 1264 1989 Licet
1286 1948 1304 1981 ὲ
1315 1944 1446 1982 Caleno
1459 1949 1490 1979 &
1504 1942 1663 1992 plerisque
1673 1943 1743 1989 alij's
1755 1943 1942 1980 auctoribus

1120 1995 1156 2030 in
1183 1993 1351 2043 proposito
1373 1993 1485 2036 affeetu
1506 1993 1614 2042 paffim
1625 1990 1744 2039 frigida
1754 1991 1943 2039 repellentia

1122 2048 1155 2080 &
1166 2042 1366 2083 adstriRoria
1377 2040 1621 2092 praescribantur
1634 2066 1644 2084 ‚
1658 2040 1756 2075 'ca'ute
1778 2036 1886 2075 tamen
1905 2056 1944 2079 ea

1123 2089 1280 2140 usurpare
1288 2103 1430 2141 oportet.
1438 2094 1533 2127 Nam
1555 2087 1644 2125 oculi
1665 2091 1774 2124 tunica
1795 2088 1885 2123 durae
1908 2096 1943 2126 &

1122 2140 1225 2176 densae
1238 2139 1415 2177 substantiae
1428 2139 1491 2183 est‚·
1514 2141 1531 2175 ὲ
1554 2152 1618 2186 qua
1638 2137 1806 2187 postquam
1818 2136 1947 2186 aliquid

1123 2188 1168 2227 est
1180 2201 1361 2238 receptum,
1371 2187 1566 2225 difficillime
1578 2185 1758 2235 repellitur:
1770 2184 1822 2221 sed
1835 2191 1866 2221 &
1880 2187 1947 2223 illis

1125 2238 1275 2282 remediis
1292 2251 1414 2285 ungues
1434 2237 1466 2272 ’δι
1487 2235 1655 2270 nubeculae
1682 2237 1716 2270 in
1737 2234 1849 2270 multis
1872 2236 1946 2271 sunt

1125 2284 1242 2319 effe-&cae
1255 2299 1320 2320 non
1332 2287 1395 2320 fine
1405 2295 1492 2319 metu
1505 2285 1667 2319 caecitatis.
1680 2286 1770 2317 Tum
1782 2282 1860 2328 ergo
1873 2293 1947 2318 rari-

1126 2330 1200 2366 tum
1210 2346 1246 2369 ea
1258 2332 1427 2371 adhibebis
1441 2358 1451 2376 ‚
1471 2329 1547 2366 cum
1567 2328 1671 2366 fluxio
1691 2330 1838 2365 nondum
1850 2343 1947 2367 venas

1126 2382 1243 2416 tunicae
1257 2381 1372 2429 egressa
1383 2380 1439 2425 est,
1448 2379 1501 2415 sed
1511 2379 1633 2414 ibidem
1645 2379 1681 2413 ad
1687 2378 1749 2413 huc
1759 2391 1888 2413 manens
1898 2378 1951 2415 fa«

1127 2429 1188 2465 cile
1199 2429 1324 2479 repulsu
1335 2436 1366 2466 δι’
1380 2429 1611 2476 compreffione
1622 2427 1822 2462 retrocedere
1833 2428 1949 2475 potest;

1127 2478 1161 2513 id
1171 2480 1262 2527 quod
1272 2478 1315 2515 est
1326 2492 1406 2513 mox
1418 2480 1444 2513 a·
1456 2475 1581 2513 doloris
1601 2477 1775 2524 principio.
1801 2475 1902 2525 ch‘Jd
1923 2477 1948 2513 fi
1980 2498 1983 2502 ·

1127 2524 1272 2563 fluxione
1283 2537 1464 2563 revertente
1474 2523 1608 2560 dolores
1626 2525 1738 2560 denuo
1751 2526 1947 2570 exacerben-

1126 2586 1191 2619 tur,
1215 2581 1245 2611 &
1261 2577 1295 2612 id
1308 2602 1319 2620 ,
1331 2576 1423 2625 quod
1431 2573 1527 2610 fluxit
1537 2599 1548 2618 ,
1571 2575 1603 2608 in
1617 2575 1703 2622 poris
1714 2574 1829 2608 tunicae
1842 2572 1948 2609 adhuc

1127 2625 1304 2673 impactum
1314 2622 1463 2660 manserit
1472 2627 1494 2667 ‚‘
1505 2633 1581 2657 tunc
1593 2622 1820 2669 adstringentia
1832 2621 1950 2658 admo-

1128 2675 1220 2710 vebis
1229 2673 1283 2709 vel
1295 2673 1367 2708 actu
1377 2671 1491 2716 calida,
1504 2670 1556 2705 vel
1565 2669 1810 2706 discutientibus
1824 2671 1947 2706 mixta:
1979 2682 1988 2687 ·’

1129 2721 1186 2758 nifi
1205 2720 1304 2757 dolor
1325 2719 1619 2757 vehementiffimus
1637 2729 1748 2766 urgeat
1767 2733 1776 2759 ;
1797 2717 1849 2752 hic
1860 2721 1948 2755 enim

1128 2769 1219 2817 jubet
1231 2769 1350 2818 frigida
1363 2770 1434 2805 actu
1445 2767 1631 2818 applicanda
1643 2765 1821 2804 elle-Porro
1834 2765 1898 2801 hoc
1906 2768 1948 2803 de
1974 2767 1977 2770 ⁴

1129 2818 1398 2866 adstringentibus
1411 2818 1510 2853 oculo
1521 2815 1576 2865 ipsi
1589 2815 1781 2852 admovedis
1792 2814 1951 2863 intellige31

1129 2865 1231 2904 fronti
1243 2869 1318 2902 aute*
1333 2872 1364 2903 &
1378 2865 1580 2915 temporibus
1593 2863 1698 2900 secure
1711 2863 1819 2900 valida
1831 2863 1947 2899 adstri-
1986 2905 1988 2908 ‚

1130 2916 1234 2951 &oria
1246 2915 1400 2951 adhibere
1410 2926 1501 2965 potes
1514 2913 1552 2949 ad
1566 2913 1814 2962 intercipiendos
1826 2910 1947 2946 humo-

1129 2977 1179 3000 res
1190 2963 1229 3000 ad
1240 2963 1339 3000 ocult'i
1349 2961 1601 3009 fluentes.rol
1612 2974 1686 2997 cum
1696 2960 1801 2998 fructu
1811 2959 1946 2995 evidena

1130 3015 1156 3048 ti
1166 3011 1297 3056 facies,s1
1307 3025 1360 3061 per
1372 3023 1516 3049 externas
1527 3012 1638 3058 capitis
1646 3022 1748 3060 partes
1760 3009 1798 3043 ad
1809 3005 1944 3044 oculum‘

1130 3061 1339 3099 deriventur:
1361 3074 1429 3111 quo
1442 3061 1475 3096 in
1485 3056 1555 3096 casu
1571 3058 1635 3096 hoc
1653 3053 1838 3104 cataplasma
1848 3055 1947 3091 valde·

1167 3126 1174 3134 .
1862 3117 1947 3139 corr-1
