1990 3386
232 171 297 199 200
606 156 642 191 V
665 154 700 192 O
725 151 769 189 1³¹.

286 215 475 256 Arculariiis'
488 219 574 255 hunc
585 215 731 252 affectum
742 213 840 251 refert
852 215 890 251 ad
904 212 1059 252 morbum

240 269 275 303 in
287 270 339 304 via
352 294 362 311 ,
379 269 470 317 quod
483 265 587 302 visum
597 265 751 314 impediat
762 291 772 309 ,
785 263 991 313 prohibendo
1001 263 1061 298 cle-

242 315 346 352 bitam
365 315 563 352 delationem
591 313 767 363 specierum
797 311 975 348 vislbilium
1003 322 1061 359 per

241 377 404 400 corneam.
429 363 490 398 Sed
503 363 622 398 rectius
633 362 754 398 dicitur
766 361 823 397 effe
832 361 1014 410 symptoma
1024 363 1058 396 in

241 416 377 448 excretis
393 428 400 447 :
415 411 456 447 est
468 413 556 448 enim
566 407 670 447 fluxio
682 436 693 455 ,
713 411 804 460 quod
826 414 863 445 δι-
878 423 997 446 nomen
1009 411 1058 458 ip-

241 460 310 497 sum
325 460 445 495 indicat
456 461 594 505 Epiphora
607 486 618 504 ,
635 460 668 494 id
678 460 722 507 est
734 483 744 499 ‚
765 457 902 494 incursso
914 485 924 503 ‚
935 458 1055 494 illatio:

243 508 329 543 unde
341 513 371 543 &
385 508 509 544 Medici
519 506 785 543 rheumatismum
798 510 879 543 uteri
892 520 926 542 ac
935 508 1057 542 ventris

241 555 401 603 appellant
412 559 571 603 ep1ph0ram
582 556 774 592 eorumdem
789 571 796 591 ε
809 555 871 591 fine
881 567 989 590 tamen
999 555 1059 591 ad-

241 602 351 650 juncto
363 606 448 653 apud
455 617 569 641 ornnes
589 602 749 653 fignificat
761 604 1010 640 immoderatam
1023 609 1056 639 &

237 654 533 700 proeternaturalem
544 652 849 701 illacrymationem.

264 703 423 749 Lacryma
434 713 583 737 concreta
591 701 643 737 seu
655 703 745 738 coeka
754 700 842 736 oculi
856 699 967 735 colore
978 706 1057 735 Gra-

237 752 297 784 mia
307 748 428 786 dicitur
439 752 662 792 Latini53Ltma
673 751 854 786 Graecis.1n
867 749 946 783 Festi
959 754 1059 785 Pom-

240 800 302 845 peil
315 796 535 835 monumentis*
554 801 698 834 invenias
708 824 720 843 ‚
742 801 872 831 Gramias
883 796 1055 834 oculorum

240 845 298 881 effe
310 849 401 892 vitia,
411 861 489 896 quas
501 847 554 892 alii
565 852 680 882 Glamaes
690 847 912 882 vocant.Hinc
923 849 1056 890 Gramen,

241 899 299 943 qui
322 893 404 931 lema
426 898 559 932 vitiatos
580 895 694 931 oculos
715 894 812 929 habet
821 920 831 938 ‚
856 899 887 930 δέ
909 897 1057 944 Glamyros

240 943 324 1026 apud
338 944 547 995 Sophoclem:
558 945 696 991 Grannofi
708 946 788 979 item
798 943 882 991 apud
904 946 1056 979 Nonium

240 1003 302 1026 ocu
318 1005 340 1028 1.

576 1091 648 1138 Cau
665 1108 704 1137 ae.

286 1184 394 1226 Huius
405 1185 532 1223 affectus
553 1183 650 1220 causae
661 1183 785 1233 possunt
797 1182 854 1219 effe
866 1179 1057 1239 quadrupli·

239 1244 302 1268 ces:
315 1231 434 1270 scilicet
445 1259 456 1278 ,
480 1236 600 1269 vitium
619 1245 717 1281 partis
727 1232 922 1282 suscipientis
933 1259 944 1278 ,
966 1228 1055 1267 oculi

237 1293 352 1330 nempe
366 1297 375 1318 e
397 1284 516 1318 vitium
526 1283 623 1330 partis
637 1282 819 1316 mandantis
833 1308 843 1326 ‚
856 1293 933 1331 puta
944 1282 1057 1329 capitis

236 1332 269 1364 δι
282 1330 584 1380 cerebritpraesentia
594 1333 749 1365 materiae:
763 1334 889 1367 viarum
899 1330 1054 1366 latitudo.

288 1380 417 1415 Vitium
429 1378 517 1415 oculi
530 1381 562 1414 in
574 1380 678 1414 tribus
698 1380 818 1415 iterum
829 1379 970 1416 consistit
982 1394 991 1421 ;
1003 1376 1057 1414 vel

238 1425 332 1476 quod
344 1427 515 1463 caruncula
525 1426 707 1476 lacrymalis
718 1430 857 1465 nimium
870 1428 941 1464 laxa
954 1425 1057 1470 s1t3vel

238 1474 332 1524 quod
342 1475 423 1514 defit
432 1502 444 1522 ,
464 1487 596 1526 propter
615 1478 810 1524 imperitiam
831 1478 974 1524 chirurgi
996 1489 1058 1511 un-

236 1534 334 1571 guem
346 1524 519 1561 auferentis
538 1524 621 1560 male
632 1550 643 1568 ‚
662 1535 717 1559 aut
740 1538 811 1560 eam
832 1526 1044 1561 diminuentis
1047 1540 1056 1564 3

236 1571 291 1606 vel
301 1573 392 1621 quod
406 1573 468 1622 ipse
480 1573 594 1609 oculus
605 1572 714 1621 aliqua·
725 1575 914 1623 intemperie
926 1571 1059 1621 exsupe-

232 1629 323 1656 rante
334 1623 502 1658 afficiatur.

286 1673 326 1704 In
337 1681 424 1717 parte
435 1669 606 1705 mandante
616 1668 774 1716 postrema
782 1668 850 1702 haec
861 1666 949 1702 causa
960 1670 1059 1705 etiam

237 1715 351 1753 locum
361 1717 459 1753 habet
473 1733 480 1752 :
505 1720 630 1751 ratione
652 1719 739 1750 euim
750 1717 953 1765 intemperiei
968 1731 1060 1754 cere-

238 1764 337 1801 hrum
351 1765 403 1800 vel
425 1778 490 1799 non
502 1766 619 1799 retinet
640 1763 751 1800 debite
764 1769 795 1799 ὅ(
818 1769 995 1814 concoquit
1006 1768 1061 1803 sua

237 1823 454 1858 excrementa,
466 1811 518 1849 vel
529 1826 595 1848 non
607 1815 839 1848 convenienter
849 1814 1001 1862 expellit.

285 1861 457 1897 Praesentia
466 1861 584 1898 deinde
596 1864 736 1897 materiae
759 1861 802 1896 est
814 1861 904 1898 causa
921 1863 1060 1912 epipho-

238 1923 281 1948 τε
292 1909 344 1946 vel
354 1922 479 1946 ratione
490 1909 660 1958 copiae,vel
669 1912 793 1946 ratione
804 1913 989 1947 acrimoniae
1001 1925 1059 1949 ex—

237 1957 409 2008 pultricem
421 1961 532 2007 capitis
545 1963 576 1994 &
588 1957 762 1996 oculorum
773 1958 978 1997 stimulantis.-

287 2008 448 2042 Latitudo
469 2010 610 2056 denique
639 2009 767 2043 viarum
797 2008 888 2056 juvat
910 2010 950 2046 ad
972 2009 1059 2046 hunc

239 2051 378 2099 fluxum,
391 2054 482 2091 sicuti
493 2056 534 2091 ad
544 2068 688 2091 caeteros,

287 2103 393 2139 Porro
404 2106 466 2139 viae
481 2129 492 2149 ‚
512 2116 567 2152 per
579 2117 658 2152 quas
670 2103 738 2138 haec
750 2109 883 2142 materia
895 2104 1058 2155 lacryma-

241 2163 313 2187 rum
324 2151 364 2187 ad
375 2152 490 2188 oculos
501 2154 580 2193 ruit,
589 2150 714 2200 pofl'unt
725 2152 789 2187 dici
797 2155 883 2199 duae,
895 2155 964 2190 imo
979 2167 1055 2193 tres.

239 2202 329 2236 Nam
341 2204 372 2236 ὅ(
385 2212 441 2249 per
452 2213 547 2236 venas
558 2211 704 2236 externas
713 2199 868 2237 frontales
878 2216 913 2238 ac
927 2214 1058 2251 tempo-

238 2248 319 2284 tales
331 2249 401 2285 haec
412 2249 611 2299 quandoque
629 2247 701 2283 fluit
723 2253 856 2285 materia
871 2265 881 2286 :
907 2254 1057 2300 quando-

239 2310 303 2346 que
315 2310 370 2346 per
380 2311 476 2333 venas
488 2298 628 2333 internas
642 2296 741 2332 oculo
753 2296 882 2333 insertas
894 2304 924 2335 &
938 2311 993 2347 per
1003 2299 1057 2335 fo-

238 2349 362 2382 ramina
374 2359 456 2381 cavo
468 2346 555 2381 oculi
568 2358 662 2381 antro
673 2344 840 2394 insculpta:
852 2348 951 2383 tertio
962 2348 1056 2383 deni-

237 2408 302 2444 que
312 2408 366 2443 per
377 2393 537 2430 foramina
547 2396 664 2431 offium
675 2393 738 2430 nasi
747 2395 789 2430 ad
806 2394 922 2431 oculos
941 2399 1056 2432 termi-

239 2454 313 2478 nata
323 2444 490 2479 derivatur
501 2458 510 2485 3
531 2443 621 2480 ficuti
645 2447 676 2477 &
700 2445 812 2478 contra
834 2443 972 2493 collyria
992 2447 1057 2480 im·-

240 2491 326 2527 missa
349 2491 454 2527 oculis
474 2491 664 2527 deferuntur
685 2504 740 2539 per
761 2492 874 2528 eadem
894 2494 1055 2529 foramina

239 2542 364 2576 narium
377 2544 409 2576 in
419 2554 467 2583 OS,
480 2540 565 2577 unde
575 2539 739 2576 interdum
749 2537 885 2577 sentitur·
894 2544 927 2576 in
941 2554 996 2576 ore
1007 2540 1055 2576 sa-

241 2599 303 2635 por
313 2589 440 2637 collyrij
453 2591 486 2624 in
497 2588 631 2625 oculum
645 2587 765 2634 injeffi.
778 2588 818 2623 Id
832 2591 923 2637 quod
933 2589 1054 2625 confir-

241 2646 348 2672 matur
360 2651 492 2686 quoque
502 2651 558 2686 per
569 2637 753 2684 hoc‚quod‚
764 2637 874 2672 multis
885 2641 987 2672 mucis
996 2638 1055 2673 de-

239 2684 411 2720 fluentibus
420 2699 474 2734 per
484 2685 676 2733 nares‚oculi
688 2684 879 2735 plerumque
890 2685 1051 2735 collacry-

242 2744 380 2769 mentur.

291 2785 405 2829 Itaque
416 2783 548 2819 minime
560 2782 802 2821 adsentiendum
812 2782 961 2820 Fernelio
971 2810 983 2829 ‚
995 2786 1052 2834 qui

238 2829 452 2876 lacrymarum
464 2828 567 2866 fluxus
577 2835 740 2881 originem
749 2831 766 2866 ὲ
778 2830 921 2882 sincipite
933 2831 1054 2869 &sum-

241 2891 301 2917 mo
312 2879 430 2911 vertice
441 2877 566 2914 tantum
576 2881 651 2916 duci
661 2879 746 2925 vult,
756 2882 788 2915 in
800 2894 868 2929 quo
880 2881 1053 2918 humorem

242 2937 334 2963 extra
346 2923 469 2959 calvam
491 2930 522 2960 &
543 2924 649 2963 subter
668 2940 775 2964 cutem
795 2933 926 2978 congeri
938 2928 1053 2975 censet,

241 2977 300 3025 qui
313 2986 368 3022 per
379 2974 589 3020 perieranium
608 2977 641 3008 in
653 2977 868 3013 adhaerentem
892 2977 1055 3014 membra-

241 3037 318 3059 nam
329 3019 468 3057 destillet
477 3047 488 3065 ,
500 3033 535 3055 ac
545 3020 678 3058 demum
690 3023 773 3059 foras
785 3039 839 3072 per
861 3025 977 3062 oculos
995 3039 1055 3062 ex·-

237 3072 336 3110 aeidat.
349 3071 424 3120 Hoc
434 3068 535 3119 ipsum
547 3067 587 3106 de
598 3070 777 3116 arthritide,
786 3073 889 3121 deque
900 3074 960 3109 alia
972 3088 1054 3125 qua-

815 151 1294 192 FORTVNATI
1351 155 1680 193 PLEMPII

1111 214 1161 249 vis
1173 213 1388 250 destillatione
1411 215 1530 253 statuit.
1556 216 1616 251 scd
1639 227 1770 265 propter
1784 215 1864 253 illud
1875 230 1929 253 ca·-

1112 262 1278 299 codoxum
1289 264 1399 311 passim
1410 262 1494 299 male
1503 265 1593 300 audit
1606 267 1688 314 apud
1708 267 1857 301 Meditos
1872 281 1880 301 ι
1893 272 1929 301 δε
1957 307 1962 312 ,

1113 310 1356 360 merito.Qre
1368 314 1453 348 enim
1463 323 1567 360 partes
1579 314 1703 361 intem-3
1713 327 1779 348 non
1791 313 1929 351 habeant

1113 360 1182 393 vim
1199 358 1289 395 illam
1307 360 1533 408 expultricem,
1543 361 1604 408 quii
1615 360 1767 397 humores
1780 364 1812 398 in
1822 374 1932 399 exter-

1112 418 1152 441 na
1167 408 1309 443 membra
1319 409 1471 444 mandent
1483 435 1493 453 ‚
1517 407 1579 445 abs
1596 406 1638 445 ue'
1655 421 1690 444 ut
1701 410 1741 445 ad
1751 414 1861 463 capitis
1872 425 1930 447 cu-

1111 464 1178 490 tem
1189 458 1210 500 ί]
1235 459 1405 492 mittantur
1422 461 1433 493 ζ
1460 459 1520 493 Sed
1532 423 1642 493 detine
1659 459 1793 507 fernelij
1805 458 1930 496 senteu-

1112 505 1155 537 tia
1168 502 1311 552 uberius,
1324 504 1398 541 cum
1410 507 1450 542 de
1466 506 1636 543 arthritide
1647 520 1787 556 agemus,
1921 502 1932 508 ”

1452 606 1482 653 S
1484 609 1580 671 igna.

1801 698 1863 736 Sed
1887 702 1930 739 ab·

1111 751 1288 788 :egrotante
1301 745 1412 780 audire
1425 756 1554 794 oportet
1564 751 1596 782 &
1608 745 1711 781 causas
1720 773 1731 791 ,
1752 761 1822 796 quae
1833 758 1926 787 ante-⁴

1109 789 1280 837 terserunt,
1303 798 1334 828 δε
1348 794 1537 843 qualitatem
1549 797 1704 837 materiae,
1713 809 1783 844 quae
1795 810 1834 831 ex
1846 813 1930 836 ocu-

1111 835 1227 893 llsf'lffi
1237 841 1386 888 destillat,
1404 857 1442 877 ex
1456 843 1573 893 quibus
1585 843 1682 881 causae
1704 847 1838 882 internae
1848 862 1930 885 con-

1108 897 1272 931 jiciuntur.

1164 937 1254 973 Vtile
1266 938 1308 974 cst
1320 938 1522 987 cognoscere,
1533 955 1572 976 an
1585 944 1717 977 materia
1739 945 1928 984 antecedens

1111 995 1203 1019 extra
1212 987 1336 1024 calvam
1349 1015 1359 1033 ‚
1373 1003 1411 1022 an
1423 992 1505 1025 intra
1520 990 1649 1032 haereat,
1661 992 1750 1039 quod
1761 995 1805 1028 ita
1815 994 1924 1033 scitur:

1110 1034 1167 1081 qui
1185 1034 1284 1071 haerct
1296 1048 1385 1071 extra
1397 1037 1521 1074 calvam
1542 1038 1682 1083 humor,
1704 1041 1789 1076 metu
1808 1047 1928 1093 percipi

1111 1083 1227 1129 potest,
1239 1087 1322 1120 cutis
1332 1085 1375 1120 est
1394 1086 1614 1128 cedematosa3
1634 1087 1738 1135 capilli
1759 1094 1928 1138 pectinem

1109 1134 1206 1167 litum
1219 1136 1415 1170 contrarium
1439 1138 1530 1171 tracti
1553 1136 1678 1172 dolent.
1703 1137 1769 1173 Vbi
1780 1139 1929 1178 defluxus

1110 1179 1128 1214 ὲ
1141 1192 1229 1226 parte
1247 1184 1371 1217 interna
1383 1184 1436 1228 cst,
1451 1198 1486 1220 ea
1497 1184 1620 1226 absunt3
1629 1196 1723 1233 caput
1733 1197 1818 1223 intus
1828 1202 1928 1237 grave

1112 1231 1143 1261 ἃ
1156 1225 1399 1266 somnolentum
1417 1233 1471 1269 cst.
1496 1235 1529 1268 Si
1551 1232 1619 1267 haec
1632 1234 1750 1269 indicia
1767 1238 1857 1273 mista
1868 1239 1927 1275 ad.

1111 1275 1196 1321 sunt,
1207 1290 1277 1314 turn
1290 1293 1328 1315 ex
1341 1292 1476 1330 utraque
1487 1293 1575 1330 parte
1587 1281 1706 1318 humor
1718 1287 1818 1322 venit.

1161 1329 1393 1375 Lacrymarum
1434 1329 1634 1378 profluvium
1667 1344 1733 1366 non
1761 1334 1929 1380 protendit

1112 1385 1253 1410 mertem
1264 1402 1274 1420 ‚
1286 1376 1342 1412 nili
1357 1377 1402 1412 ob
1411 1376 1568 1414 summam
1577 1380 1726 1414 omniurn
1735 1379 1926 1421 facultatum·

1112 1423 1368 1460 imbecillitatem
1389 1440 1428 1461 ex
1440 1427 1640 1462 cadaverosae
1660 1427 1928 1468 facieioculisla-

1113 1483 1163 1518 cr)
1174 1485 1232 1505 mae
1243 1484 1357 1519 praeter
1378 1474 1580 1510 voluntatem
1592 1475 1804 1514 effundantur.
1828 1484 1876 1516 At
1886 1482 1931 1517 de'

1112 1518 1172 1553 illo
1184 1520 1348 1566 profluvio
1359 1522 1391 1557 hi
1400 1535 1415 1556 c
1426 1536 1491 1557 non
1502 1526 1618 1570 agitur.
1630 1525 1768 1561 Facilius
1779 1529 1859 1564 ver&
1875 1528 1931 1566 vel

1114 1569 1294 1613 difficilius,
1307 1571 1360 1606 vel
1376 1573 1474 1606 etiam
1487 1571 1580 1606 nullo
1594 1572 1722 1619 prorsus
1740 1577 1833 1622 paeto
1853 1577 1931 1614 affe-

1114 1617 1182 1651 &lus
1196 1619 1248 1653 ‘mc
1269 1620 1394 1654 sanatur
1407 1632 1466 1666 pro
1487 1619 1665 1654 differentia
1684 1623 1804 1669 causae,
1824 1626 1842 1661 ὲ
1864 1634 1930 1675 qua‘

1118 1668 1267 1714 proxime
1278 1667 1503 1716 proficiscitur.
1526 1669 1694 1717 Siquidem
1705 1672 1744 1715 is,
1754 1674 1811 1720 qui
1823 1684 1932 1709 exter-

1114 1727 1170 1750 nas
1206 1716 1387 1752 occafiones
1418 1715 1562 1766 sequitur
1583 1735 1596 1763 ‚-
1616 1716 1680 1752 illis
1707 1719 1779 1767 ipsis
1798 1719 1934 1759 sublatis

1114 1765 1264 1814 prompte
1276 1776 1466 1801 amovetur:
1480 1777 1512 1800 at
1524 1767 1580 1815 qui
1591 1765 1636 1801 ob
1652 1769 1830 1804 carunculae
1843 1772 1934 1807 exci-

1116 1812 1146 1860 se
1158 1814 1212 1850 vel
1221 1826 1374 1862 corrupte²
1387 1814 1670 1858 defe&um,oritur
1681 1816 1863 1855 insanabilis
1873 1817 1930 1857 est.

1114 1864 1196 1897 Non
1210 1862 1253 1899 est
1264 1874 1372 1899 aut-em
1381 1861 1575 1911 impossibile
1587 1877 1662 1899 eum
1673 1863 1776 1902 sanaoe
1788 1893 1800 1912 ,
1834 1869 1867 1903 ui
1877 1862 1935 1905 vel

1114 1913 1310 1956 retentricis,
1322 1911 1376 1948 vel
1387 1913 1535 1947 coetricis
1549 1911 1671 1947 cerebri
1690 1925 1744 1948 aut
1756 1881 1933 1953 ocu‘lorum

1114 1959 1373 1996 imbecillitatem
1386 1986 1398 2005 ,
1417 1971 1472 1995 aut
1483 1962 1580 1995 etiarn
1592 1963 1732 1997 materiae
1744 1967 1883 2013 copiam,
1895 1968 1933 1999 δε

1115 2007 1275 2045 canalium
1286 2007 1452 2046 laxitatem
1464 2007 1680 2057 consequitur.

1164 2057 1287 2093 Abuali
1304 2057 1424 2102 scribit,
1440 2063 1470 2093 δι
1482 2068 1631 2106 repetunt
1642 2057 1788 2109 plerique
1795 2058 1933 2109 scripto-¹

1113 2118 1162 2141 res
1173 2104 1392 2154 lacrymarum
1414 2105 1593 2143 fluxionem
1613 2119 1785 2144 connatam
1806 2108 1934 2145 nonsuss

1113 2152 1231 2202 stipere
1249 2158 1462 2193 curationem.
1494 2153 1718 2193 observarunt
1737 2167 1845 2194 tamen
1867 2154 1932 2195 viri'

1113 2204 1281 2238 exercitati
1293 2202 1480 2254 frequenter
1490 2203 1625 2240 infantes
1637 2203 1813 2255 puerosque
1825 2204 1864 2242 ab
1880 2208 1932 2242 in·-

1113 2250 1281 2286 cunabulis
1303 2252 1418 2287 oculos
1439 2252 1555 2288 molles
1577 2256 1609 2286 &
1631 2253 1843 2300 lacrymantes
1872 2254 1933 2290 ha-

1116 2296 1231 2332 bentes
1253 2300 1287 2333 in
1319 2299 1429 2334 adulta
1461 2311 1553 2335 atate
1582 2299 1671 2335 fuisse
1709 2300 1889 2348 perssnatos
1907 2305 1931 2339 εἴ

1117 2344 1251 2393 molesta
1261 2359 1297 2381 ea
1309 2346 1608 2396 affeffione.Neque
1618 2351 1704 2383 enim
1712 2348 1868 2385 dissbadet
1879 2363 1932 2387 ra·-

1113 2395 1163 2428 tio
1176 2408 1185 2435 ς
1205 2407 1278 2430 nam
1302 2394 1461 2431 beneficio
1472 2399 1573 2431 aetatis
1584 2394 1745 2444 superfluae
1766 2396 1932 2435 desiccatae'
1965 2407 1968 2411 '

1111 2440 1242 2476 fuerunt
1254 2442 1463 2479 humiditates
1472 2471 1482 2490 ,
1502 2443 1676 2492 praesertim
1686 2445 1709 2480 fi
1721 2444 1805 2480 bona
1825 2446 1928 2483 acces:-

1110 2488 1184 2525 serit
1199 2492 1303 2525 vietus
1314 2494 1408 2528 ratio.
1424 2498 1480 2528 uVt
1490 2493 1569 2541 ergo
1583 2492 1701 2529 Abuali
1723 2493 1928 2541 defendatur‚

1110 2538 1284 2574 dicendum
1298 2540 1352 2584 cst,
1365 2540 1455 2582 illam
1465 2545 1608 2578 nativam
1619 2540 1798 2578 fluxionem
1808 2542 1848 2577 ab
1860 2543 1931 2591 ipso
1945 2548 1950 2551 ’

1111 2586 1251 2635 intelligi
1267 2613 1277 2632 ,
1299 2603 1371 2638 quae
1394 2589 1458 2636 jam
1482 2592 1522 2626 acl
1533 2590 1676 2627 adultam
1688 2589 1785 2639 usque
1798 2602 1930 2627 aetatem·
1982 2627 1983 2630 ,

1110 2634 1325 2683 perseveravit
1339 2651 1349 2679 ς
1368 2637 1466 2674 talem
1479 2642 1565 2675 enim
1586 2641 1620 2674 in
1642 2639 1700 2675 hac
1711 2649 1803 2674 aetate
1813 2637 1930 2677 frustra:

1112 2683 1255 2720 molieris
1265 2697 1448 2733 percuraree

1168 694 1361 744 Symptoma
1382 695 1467 732 sensu
1484 696 1745 745 deprehenditur.

1445 2787 1599 2835 Curatim

1163 2876 1270 2926 Qod
1280 2878 1320 2915 ad
1334 2881 1436 2917 totius
1451 2881 1597 2929 corporis
1607 2878 1780 2930 capitisque
1790 2877 1928 2915 evacua}

1111 2927 1237 2963 tionem
1249 2928 1489 2974 attinet,eadem
1502 2929 1560 2964 hic
1570 2930 1696 2964 curatio
1707 2927 1817 2964 locum
1827 2925 1928 2963 habet<

1110 2976 1250 3024 atquem
1261 2978 1410 3014 catarrho
1427 2992 1436 3014 a
1458 2989 1532 3012 nam
1555 2976 1607 3013 bic
1630 2975 1756 3012 affectus
1776 2972 1858 3009 nihil
1878 2974 1927 3011 e'st

1110 3022 1213 3067 aliud,-
1221 3025 1320 3072 quam
1332 3025 1494 3062 catarrhus
1505 3024 1544 3061 ad
1556 3022 1682 3062 oculos,

1134 3072 1190 3108 Ad
1200 3071 1417 3112 revellendam
1427 3075 1594 3110 mater-iam
1602 3069 1927 3155 affluentem'nulllum·

1887 3122 1922 3156 ic
