1990 3386
239 200 253 226 Ι
261 201 273 224 ι
282 191 305 227 6

239 245 425 285 evidentior
433 239 515 278 vifio
527 236 706 274 celebratur
722 249 732 277 3
753 233 817 283 qufi
838 231 1054 281 praerogativa

241 296 385 346 gaudent
396 290 469 326 naso
478 288 596 324 trunci.
622 335 627 339 .
1031 327 1036 332 ·

291 343 354 379 Sed
365 351 495 376 curnam
507 344 644 384 parentis
656 342 776 366 naturae
786 327 882 376 sagax
897 338 932 360 ac
943 337 1057 373 provi-

241 392 285 429 da
295 403 370 427 cura
380 384 574 423 orbiculares
582 379 761 416 contribuit
771 375 901 412 oculos<
914 372 1057 410 Gentilis

240 443 375 491 quidem
387 436 564 471 Avicennae
585 431 739 475 interpres
760 438 828 461 non
848 433 1059 458 contemnen—

241 493 315 533 dus,
326 484 384 522 effe
393 480 528 518 oculum
538 475 729 513 circumacta
741 470 938 530 globataque
948 468 1058 516 prodit

242 536 361 578 fictura,
371 533 447 582 quia
457 532 541 564 inter
552 537 665 562 omnes
677 523 744 560 haec
753 522 910 570 praecipue
920 517 1059 564 impedi-

244 565 364 627 mtentffi
377 586 409 616 ὅ(
421 574 584 628 quidquid
594 572 624 609 se
635 575 759 620 ingerat
771 570 908 604 noxium
921 566 1058 615 reclina-

242 647 277 669 re
288 630 401 681 potest.
426 627 520 663 ldem
530 623 646 670 repetit
659 616 913 667 Aquapenden5‚
927 612 1058 661 alijque.

242 685 318 719 Nos
326 675 487 714 censemus
500 698 511 716 ‚
523 682 559 716 ut
569 670 740 717 aliquoties
759 669 822 713 jam
833 663 1062 698 commemini-

245 742 331 773 muS,
342 727 387 764 ob
399 723 550 760 fortuitas
560 715 758 754 occursantes
767 723 868 749 noxas
879 723 946 745 non
956 709 1057 744 tribui

243 777 388 828 partibus
408 774 489 809 hanc
511 766 565 803 vel
587 765 667 801 hanc
688 763 826 811 figuram
837 785 848 805 ,
872 770 925 794 aut
948 757 1059 793 locum

242 829 355 869 etiam,
367 822 419 858 sed
429 827 527 869 prout
536 813 590 851 vel
601 816 798 848 internarum
808 806 972 844 causarum
983 831 995 851 ,
1006 805 1059 841 vel

243 876 335 910 offici
357 870 517 907 neceffitas
526 862 675 912 requirit.
688 857 913 896 Mathematici
927 855 1060 902 Optici-

244 935 288 959 ve
297 887 447 958 soiertifis
456 930 489 952 re
500 910 651 962 perpensa
662 934 673 953 ‚
693 905 828 943 oculum
838 917 904 940 non
913 901 1061 938 suffectu-

245 983 320 1008 rum
331 966 505 1019 quantitati
522 955 682 1009 capiendae
702 953 864 1002 colligunt
875 977 886 996 ,
907 950 929 987 fi
949 964 1015 986 non
1025 948 1062 985 fit

244 1018 419 1056 rotundus.
430 1013 560 1061 Qppe
568 1008 590 1043 fi
603 1003 726 1055 pupilla
735 1028 747 1048 ,
767 1014 823 1052 per
834 1012 932 1056 quam
942 1001 1063 1053 immu-

247 1078 337 1103 tatur
347 1091 360 1110 ,
383 1076 451 1099 non
459 1067 532 1096 eiiet
541 1056 691 1105 sphaerica
701 1077 713 1096 ‚
738 1065 805 1086 non
816 1058 991 1097 perciperet
1004 1045 1062 1082 nisi

248 1111 374 1165 :equale
385 1111 457 1148 sibi.
471 1105 599 1145 Verum
611 1101 645 1137 id
664 1100 888 1147 castigavimus
895 1097 987 1145 supra
998 1105 1059 1140 cap.

246 1166 283 1200 de
300 1162 350 1209 off.
371 1158 485 1197 carnea:
508 1161 540 1192 ἃ
558 1179 569 1199 ,
592 1162 629 1186 ut
647 1161 732 1185 nunc
751 1144 931 1196 primulum
950 1143 1063 1187 video,

247 1208 339 1250 id'em
365 1210 565 1258 Opticorurn
587 1200 755 1235 decretum
776 1193 924 1243 ampliter
944 1190 1065 1228 refellit

248 1258 419 1307 Philippus
441 1249 612 1291 Montalto
631 1248 682 1282 lab·
702 1253 810 1300 '3.·cap.
837 1254 886 1289 ¹3·
905 1240 963 1277 Illi
983 1239 1064 1276 vero

250 1321 321 1346 non
332 1309 475 1353 ineptam
491 1300 645 1337 videntur
665 1296 746 1330 mihi
757 1291 893 1328 reddere
906 1288 1065 1325 rotunda·-

250 1357 350 1395 tionis
361 1355 521 1393 rationem
530 1374 544 1398 ‚
565 1347 623 1397 qui
632 1344 786 1393 inquiunt
798 1342 844 1378 ita
853 1338 975 1376 fastum
984 1348 1067 1385 oena-

600 172 757 217 vop:
804 168 1288 219 FORTVNATI
1338 166 1667 203 PLEMPII

1103 227 1223 273 lum‚ut
1233 225 1369 263 celerius
1378 222 1448 260 visu
1458 222 1652 274 apprehendi
1666 219 1768 258 multa
1780 219 1923 268 valeantj

1104 278 1239 326 quando
1250 273 1392 324 globosis
1407 272 1532 310 summa
1553 272 1631 308 inest
1643 269 1860 307 revolutionis
1869 269 1918 306 fa'—

1104 323 1221 360 cilitas.

1153 370 1255 420 Qd
1285 368 1459 406 oculorum
1492 368 1749 416 magnitudinem
1780 370 1893 408 attinet
1905 397 1919 416 ,

1105 420 1201 457 valde
1224 419 1252 455 se
1271 429 1405 467 torquet
1426 415 1644 453 solertissimus
1668 418 1919 465 Aquapendcns,

1106 480 1142 504 ut
1153 469 1218 514 ejus
1230 467 1372 515 aliquam
1384 464 1525 514 proferat
1545 464 1719 500 utilitatem
1730 490 1740 509 ,
1762 479 1860 514 quam
1870 477 1919 502 ta..

1107 531 1181 553 men
1193 517 1310 552 fatetur
1321 527 1387 548 non
1406 513 1477 549 satis
1489 512 1545 548 fibi
1568 512 1821 562 ass‘equilicuille.
1844 518 1919 562 Ego

1108 564 1290 613 fimpliciter
1303 575 1378 596 cum
1388 560 1563 598 Aristotele
1573 562 1624 597 lib.
1638 573 1666 608 5.
1679 564 1815 608 degener.
1827 575 1917 601 amm.

1108 625 1169 658 cap.
1187 626 1213 648 i.
1228 611 1301 658 ajo,
1326 624 1396 658 quae
1418 623 1483 645 non
1505 607 1576 644 sunt
1595 623 1692 658 opera
1727 610 1778 645 vel
1798 622 1920 647 naturae

1108 662 1294 696 communia
1313 657 1366 694 vel
1379 670 1533 706 generum
1561 656 1761 706 singulorum
1781 662 1921 707 propria,

1107 709 1227 745 horum
1238 707 1364 743 nullum
1379 705 1512 753 alicujus
1520 709 1622 753 gratia
1634 716 1689 741 aut
1698 707 1756 742 effe
1765 735 1777 752 ‚
1799 721 1853 742 aut
1863 707 1922 744 fie-

1107 760 1146 793 ri.
1162 762 1278 806 Itaque
1291 754 1406 791 oculus
1428 753 1562 803 quidem
1586 753 1720 801 alicujus
1742 757 1845 802 gratia
1866 756 1923 801 est,

1108 805 1159 844 scd
1173 818 1306 852 magnus
1324 816 1390 837 non
1411 802 1545 848 alicujus
1567 805 1669 851 gratia
1690 803 1755 847 est,
1777 803 1834 840 nisi
1853 803 1923 840 haec

1108 853 1231 890 affeffio
1243 851 1279 888 fit
1289 852 1419 900 propria
1428 853 1564 900 generis:
1579 850 1693 887 verum
1704 853 1744 888 ad
1755 855 1923 889 materiam

1111 908 1142 939 &
1156 901 1372 950 principium,
1393 899 1485 950 quod
1507 903 1672 945 moverit,
1691 900 1788 936 causae
1808 914 1924 938 eorum

1111 951 1285 987 reterendae
1295 947 1378 984 sunt.

1160 1003 1199 1034 In
1210 995 1413 1046 proscenium
1423 994 1564 1044 denique
1584 998 1674 1034 venit
1693 995 1779 1034 oculi
1800 1007 1925 1046 tempe-

1110 1057 1293 1082 ramentum
1311 1044 1473 1092 frigidum
1496 1049 1528 1079 ὃ(
1553 1044 1727 1082 humidum
1753 1061 1761 1080 :
1784 1059 1802 1080 a
1826 1059 1926 1082 ueum

1109 1097 1219 1139 enim,
1241 1107 1308 1129 non
1326 1095 1458 1140 igneum
1476 1091 1612 1129 oculum
1630 1105 1743 1130 contra
1761 1096 1795 1130 G
1829 1107 1927 1130 enum

1111 1143 1339 1179 existimamus.
1364 1144 1435 1176 Cur
1454 1141 1534 1177 vero
1554 1155 1673 1191 aqueus
1685 1142 1755 1179 fieri
1764 1142 1927 1186 debuerit,

1112 1191 1255 1227 ubertim
1267 1188 1393 1226 &clare
1412 1188 1525 1238 colligi
1536 1190 1642 1239 potest
1661 1205 1701 1228 ex
1713 1190 1770 1237 ijs,
1792 1203 1864 1240 quae
1885 1190 1927 1226 de

1113 1239 1307 1276 humoribus
1330 1237 1420 1286 supra
1442 1235 1548 1273 sumus
1561 1237 1741 1275 elucubrati
1757 1254 1765 1274 :
1785 1251 1928 1287 quapro⁴

1110 1299 1183 1337 pter
1193 1301 1232 1325 ne
1242 1288 1350 1324 aCtum
1362 1298 1492 1336 agamus
1501 1312 1514 1332 ‚
1537 1285 1593 1324 hic
1601 1285 1885 1337 supersedebimus„
1925 1283 1929 1286 ”

1692 2687 1949 2735 VOPISCE¹
