1990 3386
260 180 303 205 10

259 240 395 278 quenter
416 226 603 276 loquendo,

260 277 313 312 hic
324 276 497 312 confertim
519 281 550 310 &
573 275 775 310 continenter
802 273 913 312 irruat,
926 268 963 304 fit
976 281 1010 304 ut
1021 282 1072 304 ra-

258 326 417 373 pidissime
439 330 470 359 ἃ
493 322 657 360 celerrime
690 322 816 355 moveri
839 319 966 366 poffint.
989 321 1070 353 Duo

257 376 315 410 luc
337 385 431 408 noto:
454 372 603 414 alterum,
635 371 667 403 in
697 367 937 404 dissbe'tiouibus
958 379 1070 414 parum

254 422 341 458 fuisse
371 432 425 456 aut
456 418 631 455 minimum
669 420 881 452 exercitatum
921 414 1070 450 Philoso-

277 471 369 506 hum:
395 468 545 513 alterum,
571 470 604 502 in
625 466 692 502 suas
714 464 807 514 iplius
828 463 1069 501 demonstrandi

253 485 341 567 leges
350 516 552 566 delinquere,
565 529 642 565 quas
655 516 705 550 lab.
723 526 748 549 1.
762 513 860 560 poster.
876 516 959 548 Anal.
975 512 1069 547 uobis

253 566 388 603 ferebat.
413 566 533 601 Incidit
565 567 653 600 enim
675 566 707 598 in
728 576 802 597 eum
823 574 990 603 errorem,
1012 574 1069 595 cu-

253 629 301 662 jus
323 612 439 658 causaS‚
463 611 641 662 modosque
673 624 738 647 tam
750 610 901 654 studiose,
924 610 1068 644 accurate

256 671 289 700 δε
312 662 404 699 acute
425 672 485 707 cap.
510 674 539 708 5.
561 660 752 710 explicabat:
783 671 904 706 ponens
934 657 1068 708 dividu-

256 727 308 748 am
338 710 527 748 universalis
560 709 705 752 causam,
728 707 866 757 querque
884 706 977 755 poffit
998 704 1067 752 aliis

254 764 352 796 etiam
375 759 433 794 css'c
455 762 651 801 communis,
687 771 747 805 pro
771 757 941 791 individua
963 760 993 789 &
1017 756 1067 788 in-

252 807 531 845 communicabili.
553 806 798 853 Adfignandum
811 803 866 852 ipsi
887 802 990 838 fuerat
1010 816 1067 851 pe-

252 858 374 894 culiare
405 861 436 891 ὅ(
481 858 640 896 καθέκαςον
673 854 840 903 quoddam
877 855 937 900 p'ro
977 848 1066 886 causa

253 907 410 943 motionis
449 904 669 945 animalium;
699 903 733 938 id
767 913 875 936 autem
905 899 1071 950 musculus·

252 954 306 990 est.

420 1075 722 1109 CAPVT
794 1074 891 1108 VL

247 1204 347 1252 De„
368 1194 581 1244 Tunicarum
607 1212 767 1244 numero.
809 1193 1063 1259 Hippocra-

316 1288 398 1334 teS,
424 1272 701 1332 AristoteleS,
726 1267 1060 1331 Galenu5,Cel-

312 1350 402 1411 sus,
430 1349 612 1409 Plinius,
631 1352 762 1416 alijque
797 1351 832 1396 di
861 1352 998 1395 entium
1024 1350 1062 1393 in

312 1429 525 1496 adfignando
548 1432 744 1476 tunicarum
767 1418 923 1476 numero.
959 1428 1058 1493 Qo·

313 1505 504 1569 damstnsu
511 1502 649 1570 pffmt
661 1504 733 1553 dici
757 1504 822 1573 effi
828 1509 978 1569 fi’ptem3
991 1504 1059 1551 alio

311 1572 377 1639 ‘ff'
387 1572 527 1620 tannim
539 1587 697 1638 quatuor.

408 1723 438 1756 E
460 1721 642 1755 tunicarum
663 1717 751 1756 oculi
769 1730 906 1754 numero
917 1728 1005 1754 tanta
1015 1718 1059 1755 est

406 1771 490 1804 inter
510 1767 736 1805 diss'etstionum
757 1779 903 1816 proceres
922 1779 1058 1804 contro-

409 1816 522 1862 verfia,
544 1828 579 1852 ut
615 1820 645 1852 ei
665 1815 899 1864 componendae
930 1819 1059 1865 propri-

406 1879 462 1902 um
483 1876 577 1914 caput
598 1865 774 1901 dicandum
801 1863 859 1899 effe
890 1865 1053 1902 duxerim.

243 1915 279 1947 O
303 1910 431 1949 craffim
451 1914 626 1950 humanam
645 1913 818 1962 caliginem
842 1915 849 1950 !
881 1916 980 1963 quarn
1001 1927 1058 1962 pa—

241 1970 328 2003 rum,
349 1963 451 2008 quern
472 1961 577 2007 nihil,
599 1964 698 2010 quam
710 1959 830 2006 minus,
876 1965 952 1998 uam
973 1963 1057 1999 nihil

243 2005 302 2042 hfc
313 2009 484 2047 videmus!
507 2013 539 2044 Si
552 2011 632 2046 vero
645 2011 739 2056 inijs,
769 2023 839 2058 quae
865 2009 989 2046 enfibus
1000 2025 1056 2060 pa-

245 2065 328 2101 tent,
350 2058 395 2092 ita
415 2058 527 2094 misere
549 2061 753 2094 caecutiamus
769 2083 780 2102 ‚
801 2071 840 2092 an
860 2061 980 2095 mirum
1003 2062 1054 2096 vi-

241 2103 357 2139 deatur
375 2108 549 2155 cuiquam,
569 2110 602 2142 in
621 2106 688 2142 sola
719 2104 940 2142 intellectione
961 2121 1055 2146 com-

241 2151 509 2199 prehenfibilibus
529 2169 588 2191 nos
609 2154 758 2190 insanire}
792 2154 856 2189 Sed
886 2155 1055 2192 audiamus

242 2201 347 2237 litem.
387 2204 654 2240 Introduetorius
692 2202 823 2239 Galerio
879 2202 1054 2251 adscriptus

243 2247 328 2284 liber
338 2249 446 2296 habet,
461 2254 696 2300 Hippocratem
706 2252 784 2287 duas
795 2250 986 2286 constituere
998 2265 1052 2288 tu-

240 2299 341 2343 nicas,
362 2298 529 2349 ipsumque
548 2314 601 2336 eas
620 2313 769 2346 meningas
799 2297 970 2347 appellare.
993 2306 1052 2336 Io-

243 2358 339 2381 annes
360 2347 508 2383 Costaeus
538 2352 572 2385 in
593 2350 774 2385 ediditione
794 2352 918 2383 Veneta
940 2352 1054 2385 lunta-

244 2397 362 2431 rumin
374 2398 516 2444 margine
529 2401 667 2434 remittit
677 2411 737 2432 nos
757 2396 798 2432 ad
819 2395 940 2431 librum
951 2400 984 2432 de
994 2406 1052 2432 Lo.-

243 2446 321 2476 ciam
342 2447 416 2479 hom.
439 2458 493 2479 non
513 2447 614 2494 longe,
637 2448 756 2495 inquit,
777 2444 796 2480 ὰ
815 2448 963 2490 principio.
988 2448 1051 2484 Sed

244 2501 381 2540 uterque
393 2505 447 2527 aut
458 2492 594 2540 fallitur,
606 2507 659 2530 aut
685 2497 853 2538 mentitur:
868 2492 954 2529 libro
965 2498 1052 2532 enirn

225 2539 275 2573 'de
296 2546 372 2575 Locis
392 2553 421 2574 m
443 2543 519 2579 hom,
541 2558 608 2580 non
628 2544 729 2587 duas,
750 2540 802 2578 sed
822 2553 886 2577 tres
905 2555 1053 2579 numerat

244 2588 457 2640 Hippocrates
478 2595 611 2628 tunicas.
631 2591 734 2642 Qd
757 2590 778 2626 fi
791 2590 891 2627 aliubi
902 2591 980 2627 duas
991 2592 1051 2638 sta-

244 2646 326 2681 tuat‚
348 2638 469 2673 facitid
481 2642 531 2675 lib.
545 2642 708 2677 decarmb.
731 2639 820 2676 atibi
840 2641 963 2674 tunicas
984 2654 1051 2677 non

244 2695 402 2729 meningas,
412 2685 466 2722 {ed
476 2687 614 2735 δέρματα
622 2701 718 2725 vocat
729 2694 760 2724 &
773 2689 1051 2737 xcrOEvM-Hippo-

245 2744 346 2768 crates
366 2736 466 2782 igitur
488 2736 592 2771 modo
614 2738 691 2773 duas
705 2763 715 2781 ,
737 2736 839 2772 modo
870 2747 933 2771 tres
955 2739 1050 2773 nobis

242 2785 397 2830 proponit
415 2783 502 2818 oculi
514 2786 647 2822 tunicas.
660 2783 849 2820 Aristoteles
866 2785 918 2821 lib.
936 2798 962 2821 1.
976 2786 1051 2832 Hiss.

245 2834 368 2866 ammal.
383 2843 444 2869 cal).
460 2843 493 2875 9.
505 2833 546 2866 de
556 2833 730 2869 oculorum
750 2835 866 2868 tunicis
877 2833 971 2870 nihil.
985 2837 1050 2873 Lib.

246 2888 275 2923 5.
297 2880 331 2912 de
345 2892 443 2924 gener.
466 2887 585 2916 animal.
603 2893 664 2928 cap.
691 2894 718 2917 1.
741 2894 890 2916 corneam
911 2896 977 2917 non
987 2897 1050 2919 no-

248 2928 361 2972 minat,
382 2927 435 2964 sed
454 2930 573 2965 innuit.
597 2929 723 2966 Verum
758 2930 890 2964 divinus
911 2929 966 2965 ille
986 2935 1053 2977 vir,

247 2978 295 3010 uti
323 2974 444 3024 semper
472 2979 506 3011 in
539 2977 793 3023 Commentariis
824 2974 885 3012 suis
915 2980 933 3013 ὲ
956 2979 1050 3016 rebus

246 3023 357 3059 alienis
370 3025 605 3074 abstinet3quin
615 3041 681 3061 non
704 3027 807 3062 modo
817 3024 962 3070 illorum,
976 3041 1048 3076 quae

247 3072 285 3109 ad
306 3072 402 3112 aliam
425 3072 637 3123 uisciplinam,
657 3073 709 3113 sed
727 3077 825 3111 etiam
847 3087 917 3124 quae
939 3075 979 3112 ad
989 3075 1050 3112 ali-

550 167 700 202 VOP.
753 155 1230 198 FORTVNATI
1281 153 1613 188 PLEMPII

629 224 706 259 cum
738 225 771 257 in
793 221 909 257 oculos
941 219 1068 268 spiritus
1119 229 1174 250 um
1203 210 1346 270 ejusdem
1379 212 1553 268 disciplinae
1587 209 1706 245 librum
1763 212 1937 258 pertinent>

1120 266 1347 298 tracta-tionem
1369 261 1529 311 negligit:
1553 263 1596 294 ita
1617 271 1687 293 turn
1709 262 1806 307 partis
1827 259 1934 305 huius,

1122 324 1193 347 tum
1214 311 1349 346 aliarum
1373 323 1532 345 accuratas
1564 307 1761 343 diss'tctioiies
1781 321 1847 342 non
1867 309 1885 342 a
1906 307 1937 343 se

1126 357 1338 406 Philosopho,
1359 359 1411 395 sed
1433 361 1449 395 a
1475 359 1613 394 Medicis
1640 356 1791 403 petendas
1802 354 1933 392 censuitt

1127 408 1267 444 Videant
1289 409 1368 455 ergo
1389 421 1428 442 ne
1464 406 1611 454 frangant
1633 403 1774 448 dolium,
1804 407 1860 453 qui
1882 418 1935 439 ac·-

1123 468 1266 491 curatam
1286 459 1379 491 nobis
1400 460 1587 491 Anatomcn
1611 466 1657 489 ex‘
1675 453 1851 489 Aristotele
1869 453 1935 489 stu-

1123 505 1200 540 dent
1220 507 1409 553 exprimere.
1434 503 1578 540 Galenus
1602 505 1633 537 in
1656 499 1862 549 spurijsnunc
1872 512 1935 537 tres

1123 551 1283 597 recenset,
1318 567 1403 588 nunc
1436 563 1586 601 quatuor.
1626 556 1664 586 ln
1707 549 1860 597 legitimis
1872 548 1934 586 suis

1123 614 1293 637 numerum
1316 601 1470 651 nusquam
1491 598 1650 648 perspicue
1672 597 1836 634 definivit:
1865 612 1934 634 ere-

1121 649 1168 684 do
1188 652 1234 685 rei
1258 649 1467 698 perplexitate
1487 650 1669 689 deterritus,
1688 658 1754 682 erat
1775 649 1861 683 enim
1882 649 1934 682 in·-

1120 700 1219 743 genio
1238 700 1313 742 acri,
1332 696 1385 734 sed
1406 704 1437 734 ἃ
1461 696 1646 733 ambitioso:
1676 707 1872 745 quapropter
1883 707 1934 731 et—
1979 736 1982 739 ¹

1122 745 1143 780 fi
1165 745 1346 791 nesciverit,
1370 746 1400 783 se
1422 758 1531 782 tamen
1551 743 1673 779 nescisse
1684 744 1791 780 noluit
1804 758 1862 779 nos
1873 745 1932 781 sci—

1121 807 1164 830 re.
1194 799 1306 845 Atque
1318 809 1353 830 ea
1374 795 1508 831 fortassis
1532 792 1620 828 causa
1644 793 1700 838 est,
1713 793 1804 842 quod
1817 795 1934 831 ctiam-

1120 855 1198 878 num
1219 845 1300 879 adeo
1323 844 1562 880 dissentiamus:
1587 842 1641 877 ubi
1672 844 1759 876 enim
1780 840 1836 876 illa
1857 848 1932 892 Cy·-

1120 889 1235 926 nosura
1258 891 1351 928 nobis
1365 907 1429 928 non
1442 890 1735 940 praefulget,i·erum
1749 889 1856 937 dubij,
1869 905 1930 928 cae-

1119 937 1225 988 cisque
1237 944 1297 976 aeti
1310 941 1738 989 ambagibus,pr;t·teutamus
1751 942 1821 974 iter.
1850 942 1932 977 Sunt

1118 997 1237 1034 tamen,
1251 992 1306 1039 qui
1327 989 1492 1025 Calenum
1512 988 1630 1036 septem
1652 987 1786 1023 statuere
1807 991 1931 1025 tunicas

1118 1039 1315 1074 contendant
1335 1038 1385 1073 lib.
1414 1049 1464 1072 10.
1476 1038 1508 1071 de
1520 1038 1567 1083 off.
1580 1047 1658 1081 part.
1675 1047 1735 1081 cap.
1751 1051 1781 1072 2.
1796 1039 1840 1072 Et
1852 1050 1932 1085 pro-
1975 1062 1979 1065 -

1117 1081 1204 1118 fecto
1226 1100 1304 1135 quas
1326 1088 1519 1121 recentiores
1543 1083 1661 1133 septem
1692 1084 1786 1120 nobis
1807 1098 1930 1135 propo-

1117 1143 1198 1167 nunt
1218 1133 1468 1183 describuntq'ue
1488 1136 1622 1178 tunicas,
1643 1146 1692 1167 eas
1715 1136 1827 1169 omnes
1850 1141 1862 1177 (
1888 1135 1931 1171 li-

1116 1191 1166 1214 cet
1187 1181 1420 1218 obscuriuscule
1444 1187 1460 1225 )
1493 1182 1538 1217 ibi
1572 1182 1703 1222 indicat3
1726 1180 1842 1218 verum
1863 1196 1931 1220 non

1117 1231 1252 1275 tunicas,
1276 1230 1328 1267 sed
1351 1235 1467 1266 circulos
1489 1241 1585 1266 vocat
1605 1229 1657 1265 seu
1677 1229 1794 1274 orbes,
1815 1230 1928 1279 lingua

1117 1275 1169 1312 sufi
1208 1278 1348 1316 κύκλους.
1380 1279 1499 1321 (ἶαυῑᾲ
1522 1293 1595 1314 nam
1615 1277 1691 1313 cum
1713 1291 1779 1313 non
1813 1294 1927 1317 omnes

1115 1327 1298 1362 tunicarum
1326 1331 1459 1364 nomine
1488 1329 1697 1376 dignaretur,
1718 1327 1930 1378 inprimisque

1114 1373 1331 1421 refiformem,
1353 1382 1384 1412 ὃ(
1405 1378 1699 1412 communi-tamen
1724 1378 1852 1411 cunetas
1863 1390 1928 1412 no·
1972 1400 1977 1409 ,

1114 1422 1202 1457 mine
1220 1422 1319 1459 vellet
1341 1425 1526 1474 complecti,
1547 1424 1659 1472 argute
1681 1424 1758 1458 orbes
1778 1427 1928 1461 nomina-

1114 1481 1176 1514 vit,
1188 1485 1226 1506 ne
1239 1474 1329 1521 quod
1345 1476 1524 1521 Archigeni
1545 1471 1676 1521 alijsque
1695 1471 1772 1508 alias
1793 1473 1928 1520 objecit,

1114 1519 1203 1554 idem
1223 1519 1281 1555 fibi
1303 1522 1366 1557 hoc
1388 1522 1464 1558 loco
1495 1524 1631 1570 turpiter
1662 1520 1926 1568 exprobraretur.

1116 1566 1209 1614 Ergo
1222 1582 1261 1604 ex
1281 1569 1411 1606 Caleno
1431 1571 1471 1606 de
1493 1573 1675 1605 tunicarum
1696 1583 1833 1605 numero
1844 1570 1929 1608 nihil

1114 1618 1193 1651 certi
1225 1618 1331 1655 nobis.
1366 1618 1479 1655 Celsus
1511 1622 1748 1668 Hippocratem
1769 1617 1861 1655 suum
1879 1617 1928 1654 se-

1114 1675 1205 1700 cutus
1226 1678 1289 1702 tres
1311 1667 1445 1704 exhibet
1465 1669 1601 1712 tunicas,
1619 1679 1783 1711 corneam,
1796 1667 1927 1714 uveam,

1113 1726 1260 1751 araneam
1274 1722 1342 1758 (ine
1354 1729 1427 1752 cum
1442 1715 1588 1753 Riolano
1609 1714 1743 1759 fallaris⁷
1761 1715 1841 1751 duas
1852 1728 1927 1752 tan-

1113 1761 1186 1799 tum
1206 1777 1386 1801 numerare:
1410 1765 1471 1807 )id
1491 1776 1612 1810 autem,
1635 1778 1704 1813 quo
1729 1765 1852 1800 vitreus
1863 1764 1927 1801 huss

1112 1825 1186 1847 mor
1205 1812 1397 1860 includitur,
1418 1827 1485 1849 non
1505 1815 1669 1857 tunicam,
1686 1811 1739 1848 sed
1760 1813 1926 1849 membra-'

1112 1859 1223 1896 nulam
1243 1861 1336 1898 dicit.
1365 1863 1490 1898 Plinius
1520 1863 1571 1897 lib.
1605 1863 1749 1897 undecimo
1772 1862 1927 1898 tenuibus

1112 1908 1286 1959 multisque
1326 1911 1520 1947 membranis
1559 1910 1695 1946 oculum
1745 1913 1928 1958 componit}

1111 1956 1177 2003 sed,
1198 1971 1313 2007 praeter
1333 1973 1496 2005 corneam,
1517 1958 1642 1995 nullam
1664 1961 1822 1994 nominat.
1849 1961 1933 1995 Hoo

1110 2008 1211 2042 etiam
1241 2019 1344 2053 noto,
1366 2007 1469 2057 ipsum
1492 2007 1692 2044 membranas
1712 2006 1824 2055 potius
1845 2008 1925 2044 inti-

1111 2067 1191 2099 ωας,
1204 2058 1341 2091 extimas
1361 2060 1485 2092 tunicas
1498 2055 1667 2105 appellare.
1691 2054 1800 2093 Rufus
1812 2055 1925 2104 Ephe-

1110 2100 1170 2138 ssus
1192 2115 1333 2153 quatuor
1354 2106 1495 2153 assignat.
1524 2104 1679 2140 Similiter
1709 2103 1813 2140 Iulius
1843 2105 1923 2141 Pol-

1110 2149 1180 2186 lux:
1203 2157 1353 2200 quamvis
1373 2153 1466 2188 aliter
1485 2153 1582 2202 paulo
1605 2166 1639 2187 ac
1658 2155 1748 2201 prior
1770 2152 1926 2188 dinume-

1110 2209 1169 2233 ret.
1205 2202 1265 2234 Hae
1283 2198 1354 2237 sunt
1374 2212 1523 2236 veterum
1546 2213 1617 2236 tum
1636 2203 1830 2236 Latinorum
1850 2213 1922 2237 tum

1110 2248 1304 2282 Graecorum
1325 2251 1513 2285 errationes:
1537 2262 1576 2284 ex
1599 2248 1718 2298 quibus
1738 2248 1814 2283 cum
1836 2254 1923 2284 Ara-

1111 2292 1165 2329 bes
1187 2299 1361 2332 Anatomis
1384 2310 1441 2345 per
1462 2297 1566 2346 legem
1586 2297 1748 2332 interdieti
1772 2295 1823 2331 sua
1846 2312 1920 2334 om-

1109 2344 1162 2377 nia
1190 2342 1249 2378 fint
1279 2348 1441 2390 mutuati,
1463 2346 1543 2381 nolo
1571 2359 1686 2381 eorum
1705 2345 1923 2394 productione

1109 2389 1240 2440 longius
1251 2393 1332 2428 hanc
1342 2393 1466 2430 scenam
1475 2395 1658 2430 extendere.

1161 2442 1264 2478 Porro
1295 2445 1352 2491 qui
1383 2442 1637 2478 controversiam
1670 2440 1750 2476 hanc
1770 2442 1923 2479 dirimere

1109 2486 1171 2524 sese
1192 2490 1410 2538 profitentur,
1432 2505 1545 2527 omnes
1575 2505 1615 2527 ex
1647 2489 1733 2526 libro
1755 2491 1796 2526 de
1815 2491 1920 2527 oculis

1108 2541 1263 2584 putatitio
1284 2539 1403 2576 Galeni
1423 2540 1476 2576 sua
1504 2537 1733 2576 desumserunt:
1767 2540 1848 2575 adeo
1871 2553 1920 2584 ut,

1110 2589 1167 2634 qui
1189 2588 1275 2623 hunc
1296 2587 1395 2637 legit,
1417 2588 1553 2636 defungi
1586 2589 1679 2637 poffit
1703 2588 1738 2623 <23
1760 2587 1920 2634 molestifi,

1109 2647 1207 2683 quam
1227 2638 1260 2671 in
1281 2640 1499 2672 recentiorum
1527 2638 1746 2672 monumentis
1766 2638 1922 2683 pervesti-

1108 2686 1222 2731 gandis
1252 2684 1383 2722 subiret.
1411 2684 1581 2721 Caeterum
1601 2699 1640 2721 nc
1669 2684 1765 2720 fimus
1793 2682 1932 2721 senten-i

1109 2734 1228 2769 tiarum
1250 2734 1389 2770 aliorum
1410 2737 1492 2770 meri
1515 2736 1712 2776 recitatores,
1727 2731 1808 2767 libet
1820 2736 1918 2770 etiam

1109 2781 1249 2818 nostram
1279 2783 1361 2818 ferre
1392 2785 1426 2817 in
1444 2782 1551 2818 senatu
1581 2781 1781 2831 sapientum,
1804 2795 1917 2831 quam,

1108 2841 1144 2864 ut
1164 2833 1314 2867 omnium
1335 2834 1423 2877 gotis
1445 2833 1636 2878 excipiatur,
1656 2829 1716 2866 hac
1737 2829 1920 2867 distinetio-

1108 2891 1148 2913 ne
1180 2881 1224 2914 ita
1263 2891 1488 2928 temperamus.
1533 2882 1566 2914 Si
1614 2881 1731 2915 tunicae
1783 2881 1918 2915 nomine

1108 2928 1252 2976 quodvis
1302 2931 1347 2964 rei
1397 2930 1635 2977 operimentum
1694 2926 1747 2962 feu
1785 2937 1916 2974 tegmen

1107 2977 1274 3012 audiamus
1296 3004 1306 3022 ,
1359 2977 1498 3028 qualiter
1548 2975 1693 3012 Galenus
1745 2977 1916 3023 Antiquos

1104 3023 1230 3060 secutus
1267 3026 1297 3062 se
1331 3028 1472 3111 acciffipere
1498 3028 1542 3062 ait
1570 3026 1620 3060 lib.
1659 3037 1692 3072 4.
1715 3024 1748 3056 de
1767 3023 1814 3070 off.
1832 3033 1916 3068 parte
1958 3038 1961 3039 ⁷

1104 3083 1167 3120 cap.
1198 3085 1232 3118 9.
1264 3089 1305 3111 co
1337 3075 1445 3120 senu,
1472 3076 1528 3123 qui
1551 3072 1670 3122 septem
1698 3069 1797 3107 oculo
1826 3074 1916 3107 tuni-

1863 3130 1918 3155 cas
