1990 3386
270 204 292 236 6
580 189 1640 233 VOP.1=ORTVNAT11>L1÷.M1³11

267 257 353 306 quafi
378 267 542 308 Dacrym„
574 258 714 307 qualiter
757 255 984 292 vetustiffimos
1029 252 1080 290 10..
1128 250 1222 284 detur:
1246 251 1342 293 itaque
1358 255 1468 296 partim
1489 254 1518 285 in
1541 251 1625 296 hisce,
1649 251 1758 305 partim
1779 251 1810 285 in
1831 251 1938 289 iusto:

269 319 361 342 curos
395 307 482 342 suiss'e
510 307 621 342 auctor
653 306 697 341 est
727 304 843 339 Festus.
870 304 989 347 adit-&a
1024 316 1081 337 au-
1122 297 1311 344 piamstatmt
1331 301 1541 348 lachrymarum
1561 299 1675 342 imbibi,
1701 299 1855 345 absorberi,
1876 306 1935 338 col.

270 366 336 390 tem
349 355 391 390 est
402 354 564 403 aspiratio,
577 366 611 388 ut
624 352 719 388 sonus
742 352 832 388 fieret
853 351 991 387 firmior.
1009 349 1078 398 Alij

270 401 411 437 scribunt
423 411 558 453 Lamina
582 400 668 451 quali
689 405 851 445 memma,
868 403 884 436 a
896 399 1077 443 lacerando,

272 451 363 498 quod
386 450 493 485 minus
523 451 653 494 arridet,
677 449 758 485 mihi
788 447 963 497 prasertim
988 449 1077 482 Lati-

271 511 385 533 narum
407 512 528 534 vocum
560 498 739 547 primordia
769 495 878 542 Graiis
908 495 1078 530 tribuenda

270 545 328 581 esse
338 547 637 594 praeiudicanti.Sed
649 557 683 580 ut
698 558 732 581 ut
741 545 796 589 est,
809 544 971 591 lachryma
982 543 1025 578 est
1037 545 1079 576 zue

267 595 381 639 humor,
401 598 450 640 qui
464 597 596 641 flentium
615 598 697 629 oculis
718 596 839 629 uberum
857 593 982 637 profluit.
1032 593 1079 625 uis

270 642 351 677 vero
360 642 415 678 ille
423 644 543 680 humor
552 643 638 679 estin
649 642 766 678 dolore
786 654 852 676 tam
862 640 1032 675 foecundus
1045 646 1077 674 ὅ(

271 695 414 738 paratus&
429 703 484 726 aut
496 691 550 726 ubi
573 690 703 740 reliquo
723 692 883 737 temporeZ
900 692 1079 737 Aquapen-

270 739 350 774 dens
370 742 422 774 vir
444 739 650 788 ampliffimus
664 764 675 783 ‚
698 741 754 788 qui
772 752 834 787 prae
855 737 924 783 aliis
945 738 1076 784 negoti-

272 799 340 830 um,
352 788 442 836 quod
453 790 485 822 iu
496 790 642 823 manibus
651 787 705 831 est,
718 783 894 822 accuratius
914 784 958 819 cst
968 785 1078 820 elucu-

273 834 494 885 bratus‚atquc
504 838 521 871 ὲ
535 850 602 885 quo
610 835 664 871 sua
677 835 741 871 fere
754 837 858 870 caeteri
870 832 1077 881 suppilarunt,

270 896 511 919 excrementum
529 896 615 919 retur
635 883 691 919 effe
712 895 806 918 tenue
838 881 978 931 ipsorum
998 895 1078 918 ocu—

272 930 404 977 lorum,
427 935 461 967 in
479 933 674 980 pinguedine
704 936 735 966 &
758 930 918 979 glandulis
952 931 1077 966 tamdiu

272 980 453 1025 detentum,
473 982 577 1015 donec
599 994 746 1028 congruo
777 991 923 1027 tempore
943 979 961 1014 a
983 990 1077 1014 natu-

273 1042 308 1063 ra
330 1041 531 1064 excernatur.
559 1028 645 1065 Mihi
669 1028 705 1064 fit
717 1027 932 1072 verulanum,
953 1025 1010 1062 esse
1021 1042 1077 1063 ex-

271 1089 471 1112 crementum
493 1077 614 1111 cerebri
637 1075 776 1112 serosum
795 1075 935 1121 ejusdem
957 1086 1077 1111 naturae

272 1137 369 1174 atque
390 1126 480 1159 urina
501 1130 532 1160 &
555 1124 663 1166 sudor;
686 1127 733 1160 uti
755 1123 913 1160 senserunt
949 1124 1078 1160 Aristo-

273 1174 351 1209 teles
379 1178 411 1208 ἃ
435 1173 689 1221 Theophrastus,
711 1187 852 1222 quorum
870 1183 973 1220 partes
985 1172 1078 1208 edli-

274 1220 404 1256 beritius
425 1220 563 1270 sequor,
585 1235 653 1270 quo
679 1219 885 1268 periculosius
904 1220 948 1255 est
977 1219 1078 1256 disce-

273 1269 348 1304 dere
369 1272 386 1305 a
411 1269 563 1304 lateribus
583 1281 747 1304 tantorum
771 1271 941 1312 virorum,
965 1273 1077 1316 quanti

271 1317 342 1352 sunt
363 1317 422 1353 isti.
459 1318 522 1352 Sed
545 1318 602 1365 age
636 1316 730 1352 fimul
753 1319 893 1351 rationes
913 1329 979 1362 ejus
1001 1330 1077 1352 exa-

273 1379 443 1408 minemus,
465 1364 558 1400 fimul
577 1364 716 1400 nostram
744 1363 933 1400 sententiam
952 1366 1079 1400 munia-

273 1427 356 1450 mus.
391 1412 550 1457 Primum,
573 1412 661 1447 oculi
679 1411 756 1448 cum
776 1423 879 1460 partes
889 1425 956 1447 non
965 1412 1081 1449 admo-

271 1463 354 1498 dum
376 1464 583 1508 magnaelint,
604 1459 656 1496 sed
667 1459 905 1508 exiguusculae‚
933 1460 1080 1510 adeoque

274 1520 341 1545 non
352 1509 533 1544 admodum
556 1508 663 1544 multo
685 1511 726 1545 ad
745 1509 791 1545 sui
803 1507 1080 1545 conservationem

271 1569 387 1605 egeant
409 1557 575 1599 aliment03
598 1569 657 1605 pro
679 1560 803 1594 ratione
824 1557 912 1603 ejus,
942 1570 1080 1605 paucum

273 1619 408 1656 quoque
425 1605 468 1640 est
481 1632 491 1650 ‚
527 1608 619 1654 quod
636 1604 812 1654 superfluit.
839 1610 886 1641 At
906 1618 946 1640 ex
973 1606 1078 1642 oculis

274 1656 389 1704 quanti
418 1652 657 1701 lachrymarum
691 1657 779 1691 rivi}
805 1656 885 1690 tanti
905 1654 1080 1700 interdum,

275 1715 311 1738 ut
321 1704 379 1738 vix
401 1712 569 1737 cerebrum
591 1700 706 1750 ipsum,
726 1704 848 1740 nedum
874 1700 1000 1747 oculus,
1009 1701 1079 1738 suf-

273 1750 370 1787 ficere
389 1750 549 1786 videatur.
577 1753 780 1801 Hoc,inquit,
801 1763 856 1786 non
885 1751 1080 1797 tuouuarba,

273 1812 341 1835 nam
360 1810 390 1833 eo
411 1799 476 1845 casu
496 1800 687 1846 consecutione
705 1803 739 1838 (φ
753 1797 868 1848 seque&
889 1802 970 1835 vacui
992 1811 1080 1835 exce-

275 1850 357 1883 rebro
375 1858 461 1881 ettam
478 1857 616 1892 pituztam
647 1849 766 1893 defluere
796 1848 833 1896 efl
852 1848 1041 1894 necessarium,
1061 1847 1082 1885 ὲ

274 1897 442 1942 temporibus
461 1900 493 1934 <⁹
511 1896 600 1942 saciet
614 1897 744 1941 partibus
766 1899 827 1933 illuc
837 1897 969 1942 similiter
989 1908 1073 1933 viva.

276 1948 396 1989 cuzrapi
420 1954 452 1981 (7
477 1945 602 1989 influere.
625 1944 705 1980 Sane
727 1944 804 1982 cum
819 1948 867 1990 id,
889 1945 981 1994 quod
1003 1958 1083 1983 con—

274 1992 433 2043 sequitur,
454 1991 560 2027 multo
582 1991 619 2027 sit
649 1994 778 2030 uberius
791 2008 801 2036 ;
833 1995 900 2040 jure
921 1995 1083 2031 meritissi-

279 2056 349 2085 mo,
361 2041 407 2084 id,
416 2054 456 2075 cx
467 2054 534 2088 ciuo
544 2039 763 2089 consequitur,
782 2045 883 2077 totius
902 2041 976 2077 fons
986 2053 1085 2091 atque

279 2093 376 2138 origo
398 2095 429 2124 δι’
450 2091 506 2123 esse
528 2089 635 2123 &dici
655 2089 772 2126 debere
795 2091 957 2134 videatur,
968 2090 1085 2126 volen-

279 2140 368 2173 tibus
388 2137 421 2172 id
442 2150 576 2186 quoque
595 2136 811 2186 l>hilosophi53
833 2152 906 2173 nam
927 2140 945 2173 a
966 2139 1084 2184 majori

279 2198 369 2236 parte
379 2186 680 2222 denominationem
690 2184 770 2234 sumi
792 2187 978 2221 decernunt.
1013 2189 1085 2221 De-

281 2249 354 2270 mus
370 2234 462 2281 ergo‚
474 2232 588 2267 oculos
608 2232 848 2282 aliquantillum
868 2234 909 2269 de
928 2232 986 2268 suo
1004 2245 1085 2268 con-

277 2284 441 2318 tribuere:
464 2286 651 2325 cerebrum,
675 2284 765 2330 quod
795 2280 1085 2329 centumpondiurn

279 2331 482 2380 superaddit,
504 2343 566 2378 prae
585 2328 650 2364 illis
682 2343 791 2366 earum
812 2329 909 2366 causae
931 2331 1085 2364 meritum

280 2381 325 2414 est
344 2377 604 2428 appellationem.
640 2380 767 2423 cerebri,
792 2381 848 2424 ait,
869 2390 966 2413 tenuia
988 2389 1086 2412 excre—

281 2439 390 2473 menta,
409 2440 467 2472 qua
485 2427 523 2460 ad
544 2432 633 2460 oculos
643 2437 798 2469 mittuntur
818 2428 1009 2475 &lacrhymia
1019 2425 1085 2472 m's·

280 2487 401 2520 centur,
421 2476 469 2521 etsi
499 2486 629 2509 verarum
657 2476 866 2526 lacrhymarum
891 2475 1010 2522 spectem
1029 2484 1086 2519 pra

276 2525 311 2571 se
324 2526 447 2571 serant,
470 2535 537 2558 vera
565 2524 660 2557 tamen
679 2536 734 2557 non
753 2525 842 2571 sunt,
861 2525 911 2571 sed
932 2535 1029 2558 mixta
1049 2525 1086 2561 (9-

282 2574 456 2609 adulterina:
479 2583 546 2606 vera
565 2583 662 2606 amem
688 2573 772 2617 (unt,
792 2585 849 2618 qua
867 2584 895 2607 m
916 2574 998 2607 oculis
1018 2582 1087 2605 tan-

283 2618 427 2656 tummodb
451 2631 638 2662 generantur.
675 2623 750 2655 Hoc
777 2621 869 2668 plane
899 2619 957 2655 fibi
990 2618 1087 2654 sumit

285 2671 395 2716 gratis.
432 2670 477 2701 ,ἰᾷῑ
496 2665 517 2701 sl
538 2680 621 2701 verae
645 2666 709 2703 illae
733 2667 907 2717 lachrymae
928 2681 995 2703 non
1014 2666 1086 2712 sint,

285 2719 444 2752 continuo
465 2728 536 2763 quae
556 2714 659 2749 tribus
688 2729 871 2763 quatuorve
891 2715 1087 2765 primoribus

308 2763 421 2800 uttnlis
443 2762 633 2806 succedunt,
656 2775 739 2797 verae
760 2764 931 2814 lachrymae
953 2764 1010 2799 esse
1029 2763 1088 2799 de-

283 2779 396 2849 {nen'n
436 2814 507 2859 (Q
525 2814 611 2846 enim
630 2808 701 2858 plus
723 2824 863 2860 quatuor
883 2812 1019 2861 guttulis
1041 2811 1088 2847 la-

286 2858 455 2909 ciirymalif
472 2862 612 2893 materiae
632 2869 727 2908 queat
750 2861 782 2893 in
802 2861 904 2896 oculis
913 2862 1086 2896 contineri}

286 2912 381 2945 Dicit
408 2907 543 2954 magnam
571 2907 620 2952 effe
653 2917 825 2953 cavttatem,
850 2913 924 2944 cuius
956 2919 1089 2954 quartam

282 2968 394 3005 partem
413 2970 467 2990 non
489 2960 578 3001 opplet
599 2958 699 2999 oculus,
720 2960 858 3000 reltquum
878 2956 1089 3001 auteondcopz-

284 3006 402 3053 oftsstmd
414 3006 583 3052 pinguedine
602 3017 635 3040 ac
657 3006 801 3051 glandulis
831 3005 996 3054 quibusdam
1019 3005 1090 3052 obfi-

1125 349 1189 391 ligi,
1201 358 1235 380 ac
1251 348 1383 392 detineri,
1394 349 1478 393 Jicutt
1501 350 1529 381 in
1540 347 1660 392 spongeis
1687 358 1801 390 aquam.
1816 351 1936 386 Foren-

1128 394 1212 429 iious
1225 400 1256 430 &
1270 396 1496 430 Ciceronianis
1520 393 1738 443 relinquamus
1747 393 1938 443 superlatio-

1129 454 1195 486 nes,
1211 456 1269 477 nos
1281 444 1314 476 in
1327 447 1437 490 Lyceo
1449 442 1675 492 loquammid,
1697 445 1787 491 quod
1796 443 1850 480 est.
1862 447 1937 481 Hu-

1132 503 1246 525 manus
1286 492 1400 526 oculus
1425 490 1554 526 rece-isus
1579 489 1624 525 sui
1651 489 1721 538 plus
1735 494 1832 539 quam
1843 498 1938 529 terti-

1129 550 1181 572 am
1207 550 1342 585 occupat
1370 552 1514 587 partem3
1547 537 1687 573 bubulus
1722 550 1819 589 atque
1837 543 1935 579 etlam

1128 585 1252 621 ovillus
1273 586 1344 634 plus
1365 590 1465 636 quain
1489 587 1629 622 mediam
1641 584 1699 622 fibi
1710 587 1936 626 vindicant:in

1129 634 1374 670 circumsistente
1388 647 1496 670 autem
1506 636 1701 683 pinguedine
1713 634 1938 687 glandulisque

1128 685 1257 730 copiam
1286 682 1524 731 lachrymarum
1539 684 1695 728 detinere,
1720 697 1806 731 nego
1825 685 1880 732 ipfi
1899 699 1936 722 ac
1974 702 1975 705 ¹

1128 742 1285 779 pernego.
1315 732 1485 779 Pingue-do
1516 732 1572 767 hi'c
1590 745 1694 780 neque
1715 731 1792 767 alibi
1815 732 1868 768 vel
1888 733 1936 770 la-

1129 778 1339 826 chrymarum
1363 780 1416 815 vel
1431 779 1515 815 alius
1537 780 1682 814 humoris
1700 779 1744 814 est
1753 793 1937 828 receptacu-

1128 824 1207 868 lum;
1223 827 1303 862 nulli
1317 831 1404 863 enirn
1425 826 1530 876 inipsa
1541 840 1663 862 meatus
1686 829 1881 876 excipiendis
1896 831 1936 878 ijs

1128 875 1294 922 ncceffaril.
1329 876 1504 912 Glandulae
1537 876 1616 912 vero
1647 874 1820 914 oculorum
1851 878 1935 916 adeo

1126 920 1196 957 sunt
1208 923 1339 972 pusillae‚
1353 936 1387 959 ut
1400 938 1498 974 quam
1516 926 1730 970 continerent,
1751 923 1936 974 lachryma-

1126 983 1200 1006 rum
1223 975 1315 1020 copia
1340 986 1405 1007 non
1424 972 1461 1008 sit
1484 974 1582 1020 digna
1592 972 1698 1008 effatu.
1725 974 1936 1022 Secaprosta-

1127 1029 1174 1053 tas
1197 1025 1229 1054 &
1255 1020 1358 1064 testes,
1377 1022 1461 1068 aperi
1487 1034 1588 1062 renes3
1607 1035 1641 1056 in
1662 1019 1726 1055 illis
1736 1020 1935 1069 seminalem,

1128 1067 1161 1099 in
1174 1064 1256 1102 hisce
1278 1066 1416 1103 serosum
1438 1069 1610 1104 humorem
1629 1069 1883 1106 animadvertere
1892 1071 1936 1107 lia

1128 1115 1226 1151 cebir:
1251 1127 1283 1150 at
1307 1119 1340 1151 in
1350 1115 1704 1164 propofitisoculorum
1713 1116 1875 1164 glandulis
1885 1119 1935 1156 la-

1128 1162 1275 1211 chrymas
1296 1177 1473 1214 quaerentes
1497 1164 1578 1199 nihil
1598 1164 1816 1201 observabunt
1833 1166 1936 1213 aliud,

1128 1210 1186 1246 nisi
1210 1210 1414 1248 substantiam
1436 1213 1610 1262 quamdam
1638 1212 1794 1249 unctuoso
1820 1216 1937 1252 mado-

1128 1271 1162 1294 re
1173 1261 1318 1305 uvidam,
1329 1275 1368 1296 ex
1385 1275 1447 1310 qua
1460 1264 1516 1296 vix
1528 1272 1654 1308 guttam
1665 1263 1835 1309 exprimas.
1850 1268 1938 1300 Prae..

1128 1317 1226 1352 terea,
1238 1311 1293 1357 qui
1305 1310 1408 1358 pridie
1423 1307 1549 1344 fleverit
1576 1309 1750 1353 uberrime,
1771 1324 1869 1346 omne
1878 1326 1939 1348 ex-

1128 1353 1267 1391 hauserit
1291 1363 1354 1393 ime
1383 1356 1600 1393 controvcrfia
1631 1356 1803 1393 oculorum
1826 1374 1938 1397 excre-

1129 1415 1276 1441 mentum
1299 1417 1406 1440 tenue:
1429 1405 1450 1440 fi
1471 1409 1572 1453 igitur
1592 1406 1678 1441 idem
1711 1406 1866 1454 postridie
1876 1409 1936 1446 de..

1129 1454 1196 1487 nuo
1220 1453 1429 1501 profufillime
1451 1453 1545 1498 fleat,
1577 1454 1662 1489 unde
1689 1456 1724 1489 id
1747 1468 1937 1493 excremen-

1130 1503 1215 1537 tum}
1228 1515 1295 1537 non
1315 1505 1403 1537 enim
1422 1517 1489 1537 uno
1499 1503 1551 1537 die
1577 1513 1703 1537 tantum
1715 1501 1844 1550 possunt
1856 1518 1938 1541 con-

1129 1559 1239 1594 gerere
1261 1549 1362 1585 oculi.
1383 1553 1428 1586 Hi
1448 1564 1562 1585 ornnes
1593 1549 1715 1598 scopuli
1735 1552 1937 1600 devitantur,

1130 1598 1209 1632 dum
1233 1598 1400 1634 cerebrum
1422 1599 1661 1647 lachrymarum
1680 1599 1940 1637 statuiturscatu-

1130 1646 1217 1692 rigo:
1241 1647 1332 1696 quod
1352 1646 1427 1682 cum
1449 1656 1537 1683 mole
1557 1646 1680 1683 vastum
1699 1647 1757 1692 sit,
1780 1651 1942 1686 maxime‘-

1132 1706 1196 1741 que
1208 1696 1242 1729 in
1265 1695 1411 1740 homine,
1438 1702 1469 1731 ὅ(
1497 1695 1605 1731 multo
1626 1698 1655 1731 ei
1679 1709 1761 1744 opus
1785 1695 1824 1731 fit
1834 1701 1943 1739 nutri-

1132 1754 1265 1787 mento,
1303 1743 1407 1779 multa
1437 1746 1535 1779 etiam
1563 1743 1755 1791 supervacua
1793 1743 1941 1790 secernit;

1131 1802 1204 1874 puae
1227 1789 1325 1827 effuso
1345 1792 1585 1841 lachrymarum
1611 1793 1710 1828 imbri
1733 1792 1858 1841 poffunt
1883 1796 1944 1832 effe

1145 1840 1215 1876 atis.
1231 1839 1467 1885 Plusdixerim,
1476 1854 1552 1889 pace
1562 1852 1670 1877 tamen
1693 1843 1827 1877 maximi
1849 1847 1945 1880 Ana-

1133 1889 1534 1939 tomiciAquapendentis‚
1559 1891 1616 1939 qui
1637 1889 1720 1924 istud
1739 1890 1873 1928 cerebro
1883 1892 1945 1928 de-

1133 1947 1242 1984 rogat,
1263 1939 1299 1973 in
1319 1937 1492 1973 manifestis
1514 1949 1635 1973 natur-<e
1666 1938 1819 1986 operibus
1839 1953 1945 1976 caecu-

1134 1985 1186 2020 tit.
1213 1988 1334 2021 Puneta
1343 1988 1430 2022 enim
1452 1985 1674 2034 lachrymalia,
1695 1986 1730 2022 id
1739 1987 1794 2032 est,
1804 1985 1944 2024 forami-³

1127 2031 1210 2079 ynula
1228 2033 1286 2070 illa
1307 2034 1481 2070 oculorum
1499 2037 1580 2081 cilijs
1602 2033 1760 2084 insculpta
1779 2061 1792 2081 ‚
1812 2034 1946 2085 lachry-

1135 2094 1262 2118 marum
1286 2083 1402 2118 dustus
1423 2084 1582 2118 habentur
1602 2082 1643 2117 ab
1662 2083 1816 2119 omnibus
1833 2088 1946 2121 omni-

1135 2130 1192 2165 no.
1215 2135 1263 2165 At
1277 2131 1344 2180 quo
1353 2132 1548 2180 pervadunt}
1571 2134 1606 2166 in
1622 2144 1830 2167 communem
1839 2131 1944 2170 finum

1136 2180 1259 2212 cerebri
1286 2192 1322 2213 ac
1345 2183 1495 2222 narium,
1517 2193 1584 2214 non
1607 2181 1641 2213 in
1659 2181 1889 2227 pinguedinem
1907 2187 1944 2217 ὃς

1134 2223 1316 2270 glandulas.
1341 2229 1441 2263 Rima
1459 2229 1539 2262 item
1558 2225 1614 2261 illa
1638 2226 1785 2275 oblonga
1810 2230 1844 2262 in
1856 2228 1945 2265 osseo

1135 2270 1224 2307 oculi
1247 2273 1392 2309 thalamo
1413 2272 1542 2310 visenda
1563 2278 1596 2309 in
1607 2277 1775 2310 cerebrum
1785 2277 1871 2320 retsta
1880 2277 1946 2314 du-

1136 2321 1192 2355 cit:
1211 2333 1267 2368 per
1291 2321 1372 2357 hanc
1394 2323 1474 2358 vero
1497 2326 1648 2358 omnium
1668 2327 1944 2362 Anatomicorum

1136 2369 1286 2406 consensu
1301 2371 1437 2406 docetur
1446 2369 1548 2406 serosa
1566 2371 1687 2407 cerebri
1712 2372 1890 2409 humiditas
1901 2375 1945 2410 ad

1137 2417 1252 2453 oculos
1263 2421 1432 2455 corrivari.
1460 2423 1577 2469 Itaque
1598 2422 1671 2469 quis
1682 2434 1749 2455 non
1769 2419 1943 2470 intelligat,

1137 2477 1178 2499 ex
1199 2467 1332 2502 cerebro
1353 2469 1471 2504 deduci
1495 2468 1679 2512 humorem,
1705 2482 1773 2503 non
1783 2480 1892 2505 autem
1902 2474 1946 2507 e'x

1136 2515 1331 2560 pinguedine
1359 2528 1415 2551 aut
1448 2514 1626 2563 glandulis}
1659 2516 1846 2552 Confirmat
1867 2518 1945 2563 hoc,

1135 2563 1229 2645 guod
1250 2575 1323 2599 ante
1343 2563 1457 2601 fletum
1476 2563 1605 2600 infestus
1633 2567 1744 2613 capitis
1753 2563 1863 2610 dolor,
1872 2567 1945 2614 post

1161 2622 1249 2646 etum
1259 2612 1366 2648 multo
1379 2611 1532 2648 sentiatur
1542 2613 1709 2657 remiffior,
1723 2611 1840 2648 educto
1851 2628 1945 2651 nem-

1136 2672 1178 2707 pe
1198 2672 1254 2707 per
1275 2659 1455 2709 lachrymas
1479 2675 1540 2706 eo,
1562 2660 1653 2711 quod
1685 2660 1852 2708 gravabat.
1889 2666 1944 2699 Sic

1138 2709 1301 2743 audieram
1321 2711 1339 2745 ὲ
1359 2711 1550 2757 graviffimis
1560 2711 1638 2745 viris
1658 2706 1816 2757 quosdam
1826 2711 1861 2745 in
1868 2723 1946 2758 gra-

1138 2755 1232 2791 vibus
1263 2756 1435 2801 doloribus
1474 2759 1582 2793 animo
1613 2756 1782 2805 praefraeto
1812 2757 1945 2808 lachry-

1138 2817 1205 2838 mas
1234 2804 1371 2840 mascule
1400 2806 1587 2842 cohibentes
1615 2808 1649 2839 in
1680 2808 1946 2854 pertinacissimos

1138 2854 1249 2900 capitis
1260 2853 1394 2889 morbos
1404 2853 1555 2897 incidisse,
1575 2855 1747 2902 aggregata
1767 2856 1800 2888 in
1811 2855 1945 2892 cerebro

1140 2904 1172 2934 δι
1204 2902 1379 2937 inundante
1408 2902 1649 2950 lachrymarum
1680 2903 1823 2938 materia.
1850 2908 1946 2950 Qa—

1138 2960 1270 2996 propter
1322 2952 1420 2987 etiam
1467 2949 1678 2986 Medicorum
1721 2950 1947 2998 prudentiores

1139 2997 1315 3045 mandant,
1335 3013 1375 3034 ne
1394 3003 1500 3048 pueris
1520 3001 1782 3036 interminatione
1801 3000 1948 3084 incfiptus

1825 3079 1829 3083 .
1875 3058 1946 3084 etus
