1990 3386
257 145 324 188 146

257 204 292 240 id
303 204 360 250 est,
372 214 583 252 quocumque
596 202 667 243 iret,
682 202 714 233 in
728 194 880 245 quolibet
893 199 981 233 aiirc:
993 198 1083 246 atqui

255 251 403 301 exempla
416 258 446 286 δι
459 252 603 285 auctores
616 248 766 296 producti
790 242 898 281 solum
910 247 944 279 in
955 247 1084 283 crassio—

258 303 285 335 ri
298 304 372 336 a‘e'rc
386 302 418 335 id
431 298 501 335 ficri
515 297 679 333 testantur,
707 294 788 330 Sane
810 292 1084 344 qualemcumque

257 353 367 385 a‘e'rem
381 355 394 391 (
409 348 499 396 quod
513 344 646 380 volebat
669 347 816 385 Seneca)
831 342 903 378 satis
925 341 1032 378 valere
1043 344 1083 380 ad

259 396 349 432 hasce
361 398 515 443 imagines
527 393 738 437 exhibendas,
752 391 915 427 imbecilla
929 392 1083 429 existente

261 448 327 480 acie
340 471 349 489 ‚
380 444 503 479 nullam
528 444 612 490 capit
643 441 889 478 similitudinem
922 442 1080 478 veritatis.

261 496 394 541 Qi'ppe
403 493 588 528 formantur
598 491 661 526 istae
672 491 829 537 imagines
841 502 896 537 per
907 488 1082 536 specierum

258 541 484 577 reflexionem:
499 538 632 575 reflexio
645 553 712 574 non
726 536 783 573 msl
792 537 832 571 ab
844 551 961 586 opaco,
977 539 1082 586 qualis

257 590 440 626 nullatenus
451 589 494 625 est
504 587 599 624 sudus
613 592 644 622 &
658 587 762 622 clarus
773 590 840 621 a'e'r.

307 646 390 688 Q
414 641 516 687 igitur
538 636 807 684 Antiphcronteae
821 632 953 669 vifionis
975 632 1079 670 causa}

259 689 398 723 Hieron.
423 684 628 724 Mercurialis
659 686 710 719 vir
736 684 946 731 undiquaque
964 683 1081 718 doetus

259 737 312 772 lib.
330 734 655 781 1.pra{l.cap.33.duas
670 732 764 768 nobis
775 733 943 780 proponit.
960 736 1080 778 Vnam,

256 785 349 833 quod
370 784 527 833 pupillam
549 782 698 818 habuerit
721 781 825 816 homo
846 778 902 814 ille
920 784 1081 817 concretis

257 832 451 868 humoribus
465 847 504 868 cx
515 843 604 880 parte
622 829 819 879 oppilatam,
842 829 898 878 qui
909 825 961 862 su&
974 827 1080 876 figura

255 880 413 917 referrent
446 882 589 917 hominis
629 878 869 915 simulachrum.
916 876 1080 924 Alteram,

258 930 351 978 quod
375 933 492 966 mentis
516 929 584 975 ejus
604 931 725 964 vitium
753 925 851 961 fuerit
877 951 888 969 ,
910 939 977 959 non
999 940 1081 962 ocu-

259 977 381 1015 lorum.
423 981 565 1014 Primam
587 1005 598 1022 ,
620 976 676 1013 etsi
708 975 840 1012 Medica
870 973 907 1008 fit
930 999 940 1018 ,
964 979 995 1009 &
1028 977 1080 1010 in-

256 1028 391 1075 geniose
423 1040 560 1075 negotio
591 1027 666 1064 huic
711 1025 860 1060 videatur
907 1025 1055 1072 adaptata
1067 1051 1079 1070 ‚

258 1089 325 1110 non
346 1077 526 1112 admodum
559 1086 667 1121 tamen
691 1087 777 1123 queo
807 1074 949 1119 recipere
973 1087 981 1107 ε
1004 1086 1080 1109 nam

254 1122 426 1172 spectrum,
438 1125 528 1174 quod
540 1124 625 1158 vidit
639 1122 845 1170 Antipheron
857 1147 867 1165 ,
890 1119 954 1155 fuit
968 1120 1080 1157 homi-

256 1175 306 1207 nis
317 1176 410 1217 tanti,
424 1185 561 1222 quantus
579 1171 641 1215 fuit
658 1169 804 1219 ipsefcrcc.
829 1168 949 1204 Scribit
960 1172 1079 1219 quippe

256 1221 447 1257 Aristoteles
461 1226 570 1256 a'e'rem
579 1218 804 1269 repraestntass'e
824 1231 891 1264 elus
903 1220 1078 1265 imaginem

255 1269 347 1305 velut
359 1270 497 1306 alterum
505 1268 681 1319 speculum:
695 1271 786 1318 atqui
795 1266 957 1316 speculum
982 1266 1079 1303 ufita-

255 1329 326 1354 tum
340 1319 447 1353 reddit
460 1333 540 1363 rem,
555 1329 676 1366 quanta
689 1329 809 1367 quanta
818 1315 919 1352 ferme
932 1316 1078 1351 estfflrae·

255 1377 342 1405 terea
352 1381 392 1402 ex
407 1367 543 1403 adverso
554 1367 583 1402 se
595 1365 766 1414 adspccitari
779 1365 819 1400 ab
829 1367 972 1411 imagine
982 1366 1077 1401 vide-

253 1414 437 1465 baturzquae
447 1416 488 1452 de
498 1412 614 1452 suffuso
626 1414 713 1450 oculi
726 1414 864 1450 humore
876 1416 936 1448 vix
950 1413 1076 1462 poffunt

251 1463 329 1500 dici.
354 1467 487 1501 Etenim
500 1462 739 1501 homunculum
759 1462 812 1497 hic
832 1461 956 1511 potius,
976 1464 1077 1510 quam

251 1511 422 1548 hominem
432 1512 669 1562 repraesentaret
688 1527 696 1547 z
721 1524 779 1546 nec
799 1522 867 1546 tam
887 1511 1034 1546 distinete
1046 1510 1077 1546 se

240 1562 358 1607 ,videri
370 1560 442 1598 finit
456 1589 466 1607 ‚
488 1574 524 1598 ut
548 1559 686 1597 adversae
710 1559 763 1596 vel
774 1558 889 1595 aversae
904 1563 1002 1608 partis
1012 1559 1078 1596 dis·

252 1612 356 1645 cretio
367 1609 568 1657 agnoscatur.
583 1609 765 1645 Secundam
776 1607 992 1657 causam3quia
1002 1607 1076 1644 nus-

249 1670 349 1706 quam
363 1659 462 1694 video
474 1658 645 1694 meliorem
657 1684 668 1702 ‚
681 1670 755 1691 cum
769 1656 940 1691 Thimone
950 1668 986 1691 ac
996 1657 1076 1692 Phi-

252 1704 344 1754 lippo
358 1706 530 1743 Montalto
551 1708 585 1741 in
605 1703 749 1754 praesenti
770 1704 888 1752 probo.
910 1704 1077 1753 Antiphe-

250 1761 314 1790 ron
327 1754 480 1790 enimille
490 1754 678 1791 testimonio
700 1751 795 1801 ipfius
815 1752 1003 1789 Aristotelis
1021 1757 1075 1793 ltbs

251 1805 285 1837 de
296 1814 413 1838 memor.
426 1807 463 1842 οἱ*
474 1803 602 1850 νεηιιηιβ
614 1813 677 1848 cap,-
691 1814 718 1838 1.
732 1800 854 1837 exceffu
876 1804 994 1838 mentis
1004 1814 1078 1840 ten-

249 1851 401 1887 tabatur:
428 1853 512 1888 unde
532 1866 605 1902 quae
626 1850 885 1900 imaginabatur,
907 1862 1077 1901 tamquam

250 1898 334 1934 fana
346 1914 381 1935 ac
392 1901 476 1948 gesta
492 1901 643 1936 narrabat
655 1916 665 1942 3
677 1914 718 1936 eo
728 1901 805 1948 quia
825 1899 859 1935 id
872 1926 884 1944 ,
905 1902 997 1950 quod
1009 1916 1078 1940 non

250 1947 322 1983 esset
332 1962 454 1996 imago,
467 1949 682 1999 specularetur
692 1951 925 1997 utimagmem.

329 2048 735 2084 PROBLEMA
783 2042 1000 2084 xxvn'n

262 2128 331 2173 Cur
350 2129 388 2172 in
411 2127 531 2190 politis
553 2127 747 2189 corporibus
772 2128 910 2190 nqstras
936 2131 1080 2194 rerumg

475 2199 644 2260 imagines
656 2197 849 2242 intuemur?

328 2264 425 2314 Vera
437 2266 511 2328 ejm
524 2262 628 2310 r‘atio.
643 2263 823 2330 ‘Denfitaes
836 2280 906 2309 non
925 2264 978 2329 est
999 2281 1078 2310 cau-

315 2336 366 2400 sti
382 2334 584 2399 reflexionis
608 2373 619 2391 ,
630 2334 702 2399 ſsd
740 2335 912 2396 opacitas.
945 2334 1079 2381 Etiam

329 2404 450 2450 odores
465 2401 646 2467 &frigud
663 2402 862 2461 reflefilitur.
873 2400 1081 2460 (Radtorum

320 2491 367 2519 ex
389 2472 495 2517 oculis
515 2468 689 2538 emffires
707 2470 928 2534 reftlluntur.
950 2472 1080 2517 Dan-

330 2540 427 2586 dini-
454 2540 560 2604 longa
586 2541 845 2604 argumentatio
864 2539 981 2603 simili
1000 2558 1079 2587 ora-

330 2622 424 2656 tione
442 2628 479 2655 re
500 2623 636 2667 utatur.

438 2728 641 2773 Uaecumque
658 2722 903 2772 laevigationem
922 2737 958 2760 ac
975 2724 1080 2774 perfe-

436 2773 519 2808 {tam
541 2775 719 2821 polituram
739 2772 791 2808 vel
811 2774 902 2808 mera
931 2772 1002 2809 funt
1025 2774 1079 2811 vel

267 2728 422 2893 Q
438 2821 549 2867 adepta
568 2847 576 2861 ,
596 2821 707 2856 addit‘a
732 2820 859 2870 insuper
878 2822 1022 2870 lenitate,
1045 2828 1079 2860 &

438 2871 578 2914 partium
591 2869 743 2905 inoffensa
758 2873 973 2906 continuitate
984 2898 994 2916 ,
1007 2885 1079 2922 quae

261 2919 421 2952 meatiuus
439 2913 566 2964 prorsus
585 2929 688 2951 careat
709 2916 807 2953 sensui
829 2918 1020 2967 perspicuis,
1043 2933 1080 2956 ea

260 2964 461 3011 objeecarum
480 2962 537 2999 sibi
561 2976 668 2999 rerum
693 2967 848 3014 imagines
867 2967 1000 3016 pulchre
1021 2982 1080 3005 ex-

257 3011 370 3049 hibere
382 3013 668 3049 animadvertimus
682 3037 692 3056 ,
715 3015 815 3048 veluti
837 3014 962 3064 specula
974 3017 991 3051 ὲ
1003 3017 1080 3052 cha-

260 3061 336 3098 lvbe
350 3089 360 3107 ‚
372 3074 533 3098 marmore
544 3062 672 3095 cotibus
682 3062 946 3111 tergentibusque
956 3065 1080 3114 pulvis-

598 143 746 177 VOP.
797 140 1259 178 FORTVNATI
1312 142 1642 181 PLEMPII

1138 199 1220 237 culis
1232 201 1360 252 polito,
1385 202 1464 238 item
1476 200 1494 236 ὲ
1507 202 1621 241 vitro:
1645 198 1697 236 sed
1716 203 1748 236 &
1769 212 1908 248 gemmae
1919 209 1954 244 ει

1135 246 1223 296 ligna
1233 249 1380 287 densiora
1388 275 1399 294 ‚
1421 252 1439 286 ὲ
1463 248 1582 300 quibus
1593 251 1700 285 omnis
1711 246 1844 297 asprcdo
1856 250 1955 290 tuerit

1135 309 1244 333 amota
1257 314 1265 334 t
1287 299 1429 348 denique
1450 311 1533 347 aqua
1559 296 1692 346 limpida
1706 304 1736 333 ὅ(
1750 296 1876 345 placida
1887 325 1898 344 ,
1920 312 1956 338 ut

1135 358 1195 380 nos
1217 347 1314 384 docet
1334 348 1419 384 canis
1440 344 1609 395 AEsopicus
1632 347 1733 380 carnis
1743 370 1755 390 ,
1779 359 1878 395 quam
1897 362 1955 386 ore

1134 395 1263 430 tenebat
1275 397 1440 432 mordicus
1454 420 1463 436 ,
1471 397 1646 443 imaginem
1657 396 1691 429 in
1702 407 1784 443 aqua
1796 395 1909 431 videns
1920 402 1954 433 δι’.

1134 441 1355 492 inhians.Q<)
1365 446 1463 480 etiam
1471 447 1608 493 pertinet
1622 441 1715 486 illud,
1727 443 1818 491 quod
1829 449 1952 483 minent:

1136 492 1167 525 8.
1181 492 1197 526 a
1211 496 1350 528 Marone
1362 495 1483 528 dicitur
1494 518 1505 536 ,
1525 499 1664 528 Troianos
1670 492 1767 536 secare
1777 494 1879 527 vm‘des
1887 499 1954 539 pla-

1134 542 1192 573 cido
1201 553 1308 584 aquare
1310 543 1408 587 ῥίναι,
1420 541 1454 576 id
1462 541 1518 585 est,
1531 540 1683 576 Tiberim
1694 566 1704 583 ,
1717 541 1772 588 qui
1785 550 1953 591 tamquam

1132 583 1294 634 speculum
1315 589 1558 638 repraesentabat
1577 586 1671 623 filvas
1696 587 1816 624 virides
1837 592 1872 626 in
1883 594 1952 640 ripa
1974 626 1978 628 ,

1132 635 1297 672 surrectas.

1180 687 1282 733 Super
1292 684 1396 720 modo
1409 709 1420 730 ‚
1442 699 1510 734 quo
1522 684 1590 719 haec
1600 682 1681 719 fiunt
1693 700 1705 728 ,
1727 684 1952 733 Pythagorici,

1135 731 1242 778 Plato,
1257 735 1372 775 Stoici,
1385 732 1616 782 Empedocles,
1625 735 1836 768 Democritus
1848 758 1859 777 ‚
1870 737 1962 783 Epis⁴

1133 793 1226 816 curus
1239 808 1249 827 ‚
1261 781 1416 818 Euclides
1436 807 1444 823 ,
1467 788 1498 818 ὅ(
1513 781 1566 829 alij
1587 780 1786 830 portentosas
1797 780 1951 820 foverunt

1132 832 1302 877 opiniones
1316 831 1376 872 3de
1388 830 1506 881 quibus
1516 843 1596 865 mox
1609 855 1620 873 ,
1632 827 1707 863 cum
1717 830 1824 877 primo
1838 842 1951 869 verum

1131 878 1270 914 modum
1293 878 1519 928 rationemc‘lue
1541 878 1793 927 prodiderimus.
1825 882 1875 913 bit
1887 881 1952 928 igi..

1132 935 1186 959 tur
1198 926 1254 962 illa
1264 941 1373 965 rerum
1383 927 1634 976 repraesentatio,
1647 928 1829 974 repercuffis
1840 940 1951 965 earum

1130 971 1293 1021 speciebus
1306 988 1337 1012 at
1363 989 1403 1012 ue
1413 979 1446 1011 in
1456 975 1571 1011 oculos
1580 974 1721 1023 regestis:
1732 978 1952 1022 repercutiun-

1132 1033 1186 1058 tur
1205 1036 1314 1061 autem
1350 1027 1453 1074 pecies
1474 1035 1605 1073 propter
1623 1025 1818 1071 opacitatem
1841 1050 1853 1068 ‚
1875 1028 1951 1074 quia

1132 1070 1271 1118 ipsarum
1291 1085 1406 1109 natura
1417 1073 1460 1108 est
1471 1072 1632 1122 perlistere
1645 1069 1742 1120 usque
1754 1077 1786 1108 &
1807 1072 1906 1122 usque
1917 1076 1953 1112 in

1131 1121 1294 1169 diaphano
1307 1136 1317 1164 ;
1341 1123 1398 1158 ubi
1411 1125 1626 1157 terminantur
1636 1117 1767 1156 refleffi.
1809 1128 1889 1170 Q
1899 1122 1954 1158 lo-

1131 1181 1171 1203 co
1183 1181 1298 1206 notent
1311 1170 1479 1206 literarum
1489 1171 1683 1205 interiorum
1694 1168 1870 1214 candidati,
1881 1170 1950 1219 pes-

1130 1214 1206 1253 fime
1217 1219 1310 1254 statui
1320 1222 1338 1256 a
1349 1219 1537 1267 vulgaribus
1548 1219 1677 1267 Opticis
1689 1230 1724 1252 ac
1733 1217 1955 1267 Philosophisf

1130 1265 1320 1303 densitatem
1339 1269 1466 1304 efficere
1486 1265 1696 1302 reflexionem
1706 1291 1718 1309 ‚
1742 1266 1869 1303 nullum
1886 1281 1950 1317 po-

1130 1315 1283 1351 nentibus
1309 1315 1558 1352 discerniculum
1585 1314 1774 1351 deniitatem
1802 1318 1886 1351 inter
1913 1322 1949 1363 ὃς

1130 1367 1338 1410 opacitatem.
1363 1369 1497 1400 vitrum
1519 1371 1552 1400 δι
1572 1362 1757 1411 crystallum
1773 1363 1951 1403 denfiffima

1129 1421 1280 1459 corpora,
1290 1411 1534 1448 non'refleetunt
1545 1439 1556 1457 ,
1575 1412 1629 1448 sed
1641 1409 1862 1448 transmittunt
1870 1412 1953 1450 alla-⁴

1128 1457 1195 1505 psas
1205 1459 1334 1508 species:
1346 1470 1486 1509 opacum
1495 1459 1601 1497 solum
1611 1459 1689 1508 ipsas
1700 1462 1950 1511 revibrat‚quod

1129 1507 1342 1544 definivimus
1360 1510 1418 1545 effe
1440 1508 1556 1544 lumini
1579 1521 1751 1557 rerumque
1762 1510 1951 1548 immisim-

1129 1560 1290 1603 pervium.
1303 1561 1421 1607 Itaque
1431 1552 1763 1606 perspicuficorpora,
1782 1569 1817 1592 ut
1826 1571 1878 1594 res
1886 1560 1952 1595 ob-

1128 1606 1225 1650 jefias
1235 1608 1427 1653 imaginent,
1437 1617 1503 1641 arte
1514 1606 1634 1642 debent
1645 1607 1810 1641 terminari
1825 1632 1837 1651 ,
1857 1609 1904 1642 uti
1913 1622 1952 1645 ea

1130 1651 1268 1700 specula,
1280 1669 1351 1704 quae
1364 1668 1403 1691 ex
1418 1658 1550 1690 materia
1562 1654 1645 1690 fiunt
1654 1652 1953 1701 transsucida‚nem-,-

1128 1713 1168 1749 pe
1179 1704 1268 1739 vitro
1282 1719 1290 1739 ι
1310 1703 1379 1739 haec
1390 1706 1478 1740 enim
1488 1703 1625 1753 plumbo
1637 1713 1691 1749 aut
1701 1702 1802 1750 stanni
1814 1706 1958 1754 bractea,

1131 1751 1185 1787 vel
1195 1752 1403 1802 hydrargyro
1418 1753 1532 1802 perlita
1553 1755 1768 1788 terminantur
1777 1779 1788 1797 ‚
1810 1754 1878 1802 quo
1890 1755 1951 1790 ob-

1129 1799 1252 1838 seui-ior
1264 1801 1321 1837 illa
1332 1801 1469 1839 denfitas
1489 1803 1526 1839 fit
1537 1804 1717 1851 imaginum
1730 1804 1833 1838 veluti
1844 1801 1954 1840 suffla-
1967 1834 1970 1837 ,

1132 1862 1209 1885 men
1218 1864 1254 1887 ac
1271 1849 1448 1887 infrenatio
1462 1878 1474 1896 ‚
1491 1865 1555 1902 que
1566 1864 1622 1900 per
1632 1853 1709 1887 vitri
1720 1849 1848 1899 dilapsae
1865 1847 1956 1890 tran-'2'

1130 1897 1291 1937 ssucidum
1304 1899 1462 1936 laevorem
1474 1912 1571 1950 atque
1581 1901 1734 1949 opaciore
1745 1899 1876 1947 objecto
1885 1915 1954 1942 non
1985 1923 1990 1929 ·

1131 1945 1292 1997 suppreffae
1303 1948 1538 1986 evanescerent.
1562 1954 1672 1992 Caeter
1678 1948 1734 1983 um
1746 1950 1837 1997 quod
1847 1949 1895 1985 ibi
1904 1949 1961 1986 fri-2

1131 1999 1176 2032 cit
1187 2000 1322 2034 materia
1332 2010 1432 2047 opaca
1440 1998 1525 2047 pone
1537 1996 1639 2043 aihta,
1648 1996 1736 2032 idem
1745 1997 1869 2044 praestat
1880 2009 1958 2037 tum*

1135 2046 1357 2083 transsucentis
1368 2047 1573 2096 profunditas
1585 2073 1596 2091 ‚
1616 2057 1652 2081 ut
1663 2047 1700 2080 in·
1708 2044 1805 2081 craffo
1817 2048 1906 2083 vitro
1918 2052 1952 2084 &¹

1131 2094 1294 2142 profunda
1305 2098 1474 2146 aqua‚tum
1485 2094 1694 2144 transparenti
1705 2092 1849 2130 obtentae
1860 2106 1952 2132 tene-

1134 2148 1215 2180 braeJ
1235 2147 1289 2179 Sic
1299 2148 1332 2180 in
1344 2147 1438 2181 vitris
1447 2144 1619 2180 fenestrarfi
1629 2141 1883 2192 pellucidiffimis
1892 2158 1954 2181 no-

1132 2192 1182 2227 &e
1192 2193 1325 2228 candela
1336 2197 1370 2228 iu
1381 2193 1537 2229 cubiculo
1556 2192 1685 2227 accensa
1695 2193 1768 2240 quis
1777 2189 1807 2226 se
1827 2192 1954 2242 conspi-

1132 2243 1197 2274 cari
1207 2241 1310 2287 potest
1319 2267 1330 2285 ‚
1344 2239 1505 2288 praetenfis
1514 2239 1621 2276 solum
1631 2239 1672 2273 ab
1683 2237 1790 2274 aversa
1801 2251 1891 2287 parte
1903 2251 1958 2277 te-'

1132 2287 1241 2322 nebris
1250 2291 1375 2323 externi
1389 2293 1422 2323 δι
1435 2289 1584 2323 ηοόὶιιτῃί
1594 2289 1692 2331 a'e'ris,
1704 2289 1851 2334 corporis
1860 2292 1957 2339 opaci·

1133 2337 1240 2372 vicem
1249 2335 1304 2385 sup
1328 2335 1480 2372 lentibus.
1495 2336 1550 2371 Ad
1560 2335 1718 2372 summam
1727 2335 1955 2388 quidquidap-

1133 2382 1286 2431 pellentes
1305 2388 1409 2433 pecies
1421 2387 1492 2434 quit
1502 2383 1603 2420 sistere
1613 2411 1625 2429 ‚
1651 2382 1673 2418 fi
1695 2385 1886 2430 adiunctum
1896 2386 1955 2423 ha·-

1135 2435 1207 2468 beat
1217 2432 1395 2481 perfectum
1409 2433 1566 2471 laevorcm
1578 2460 1590 2479 ,
1610 2432 1768 2468 reddendi
1778 2434 1953 2482 imaginem

1133 2479 1231 2517 habet
1241 2482 1443 2531 potestatem.
1463 2484 1554 2531 Qu
1576 2496 1643 2518 non
1662 2479 1805 2516 visibiles
1825 2483 1956 2520 tantum*

1132 2527 1249 2579 species
1265 2557 1276 2575 ‚
1295 2529 1347 2566 sed
1360 2536 1392 2567 ὅ(
1408 2532 1528 2568 odores
1539 2533 1556 2567 ὲ
1578 2545 1612 2566 re
1629 2528 1816 2574 odorabili,
1837 2536 1871 2566 &
1892 2532 1952 2568 fri-

1133 2591 1192 2627 gus
1213 2581 1230 2615 a
1252 2579 1371 2628 frigida
1388 2593 1421 2615 re
1444 2593 1594 2616 emanans
1604 2606 1615 2625 ‚
1638 2582 1656 2616 ὲ
1680 2576 1839 2625 laevigatis
1858 2593 1953 2616 accu-

1133 2627 1200 2663 rate
1235 2627 1428 2676 corporibus
1457 2626 1676 2664 reflestuntur.
1706 2630 1795 2662 Nam
1824 2625 1847 2661 fi
1867 2627 1959 2664 rosis·

1134 2683 1282 2724 congruo
1302 2675 1363 2713 situ
1385 2687 1458 2712 ante
1477 2675 1642 2724 speculum
1653 2687 1833 2711 concavum
1845 2675 1953 2712 collo-

1134 2737 1184 2761 ces
1194 2739 1209 2767 3-
1231 2735 1321 2760 certo
1342 2724 1420 2762 loco
1442 2725 1550 2761 multo
1562 2720 1737 2761 sensibilius
1747 2737 1858 2759 earum
1866 2725 1952 2762 odor

1133 2775 1337 2821 percipietur.
1366 2775 1461 2811 Idem
1472 2772 1509 2810 fit
1520 2774 1561 2810 de
1571 2772 1694 2822 frigore
1702 2798 1713 2817 ,
1733 2771 1756 2808 fi
1765 2785 1813 2808 res
1823 2771 1950 2821 frigide

1133 2820 1278 2858 (imiliter
1287 2820 1446 2861 locentur.

1193 2872 1297 2908 Porro
1319 2872 1410 2921 quod
1429 2882 1493 2908 nos
1510 2870 1547 2907 hi
1551 2882 1567 2905 c
1593 2869 1668 2907 vere
1690 2865 1731 2903 ad
1750 2867 1867 2918 species
1884 2868 1954 2917 eja-⁴

1132 2916 1252 2954 culatas
1264 2933 1299 2956 ac
1310 2919 1448 2970 repulsas
1460 2918 1627 2956 referimus
1639 2945 1651 2963 ,
1660 2917 1694 2952 id
1704 2918 1848 2964 praediffl
1856 2928 1950 2960 ,vete-

1133 2980 1182 3003 res
1192 2966 1244 3003 vel
1254 2968 1295 3005 ad
1305 2967 1491 3019 corpuscula
1501 2967 1517 3003 ὲ
1529 2968 1624 3003 rebus
1635 2966 1798 3003 evolantia
1813 2993 1825 3011 ,
1843 2965 1897 3004 vel
1905 2965 1946 3002 ad

1132 3012 1269 3052 visorios
1299 3018 1406 3054 radios
1438 3015 1542 3052 oculis
1572 3014 1697 3052 emiffos
1728 3014 1954 3051 contulerunt)

1130 3066 1226 3102 Prior
1245 3063 1302 3103 illa
1318 3065 1474 3104 sententia
1494 3061 1641 3101 obsoleta
1659 3062 1723 3108 est,
1743 3066 1775 3097 δι
1787 3063 1851 3147 1:221
1870 3073 1950 3146 {pte

1851 3124 1876 3147 ri
1904 3122 1943 3146 ω
