1990 3386
250 177 311 217 tgo

250 228 434 265 nervorum
455 224 616 261 concursu
636 224 709 260 fieri
733 223 857 260 volunt
880 249 892 268 ,
914 223 950 259 id
974 224 1068 272 quod

251 276 500 312 evidentissimo
525 278 554 308 δι
578 272 757 310 certiffimo
788 272 882 320 supra
904 272 1070 308 refutavi-

253 324 342 367 inm,
362 331 391 361 δι
407 335 493 358 nunc
504 322 615 369 paffim
627 320 832 357 convellitur
843 321 931 368 apud
943 320 1072 356 doetri-

253 375 417 408 natiores.
432 372 528 419 Qu
540 368 667 406 etiamsi
678 369 839 406 visionem
852 370 899 405 ibi
910 367 1069 404 celebrari

253 422 477 456 concedamus
492 444 501 460 ,
524 431 563 452 ne
574 431 647 455 tum
657 418 793 467 quidem
805 422 905 455 ctiam
919 418 1000 453 unio
1012 416 1069 452 illa

248 465 306 506 ⁶seu
320 468 462 504 coalitus
474 464 567 502 causa
579 468 721 503 dicenda
732 467 847 509 est‚cur
857 479 906 501 res
919 478 981 502 una
993 464 1069 513 plu·

253 518 347 553 ribus
358 515 466 552 oculis
482 514 654 562 singularis
665 527 827 563 appareat.
839 516 872 549 Si
882 517 972 549 enim
983 513 1066 549 altc-

252 578 328 601 rum
358 564 496 601 oculum
528 563 664 600 attollas
676 589 686 606 ‚
718 564 860 600 alterum
893 562 966 611 plus
981 563 1066 609 justo

254 612 367 649 mensu
378 615 557 660 deprimas,
576 614 748 659 geminum
759 612 918 660 quodque
928 609 1066 658 simplex

251 661 660 708 objeeltumjudicab‘itur3
682 672 743 695 nec
763 671 875 697 tamen
887 660 1065 707 propterea

253 723 437 747 nervorum
470 709 527 746 illa
561 710 756 755 conjunekio
784 707 1067 756 discapedinatur.

252 765 367 809 Qam
387 757 621 794 difficultatem
649 757 919 793 animadvertens
952 759 1065 803 Aqua-

250 808 442 855 pendensin
454 820 524 843 earn
538 808 630 842 venit
654 803 851 841 sententiam
872 805 904 837 de
916 805 977 855 ‚²²²J·
1002 815 1063 849 org.

246 866 327 901 part.
342 868 370 901 3.
383 864 443 900 cap.
457 867 484 890 1.
498 853 640 891 fortassis
651 853 693 888 ad
703 853 899 890 facultatem
913 852 1064 897 iudican-

252 917 322 939 tem
333 917 369 939 ac
380 902 639 950 cognoscentem
653 928 664 947 ‚
684 915 756 950 quae
770 915 834 937 una
845 900 906 940 est,
920 900 1067 937 referen-

251 954 334 989 dum
347 952 382 989 id
395 964 508 989 torum
520 952 589 988 esse.
598 949 725 986 Verum
735 951 852 987 eadem
866 948 1065 985 difficultate

253 1003 463 1049 coarguitur:
480 1001 557 1036 cum
569 1002 658 1035 enim
678 998 819 1035 facultas
841 996 899 1034 illa
913 997 1064 1042 judicans

247 1049 376 1096 semper
386 1047 425 1084 fit
441 1062 505 1084 una
519 1074 530 1092 ‚
551 1061 732 1095 numquam
751 1048 907 1089 eveniet,
920 1057 957 1081 ut
970 1045 1066 1093 oble·-

250 1098 343 1133 &um
353 1099 536 1145 quodpiam
549 1109 653 1131 unum
666 1096 834 1141 judicetur
857 1094 993 1142 duplex.
1015 1099 1063 1130 At

249 1147 433 1195 prudenter
465 1149 518 1183 vir
537 1144 781 1181 cordatissimus
812 1144 981 1179 sententiae
999 1143 1064 1178 suae

250 1196 445 1231 moderatus
455 1192 498 1229 est
507 1194 697 1240 adjiciendo
707 1193 921 1240 particulam,
931 1190 1065 1238 foriassiss

252 1255 314 1280 nec
330 1248 461 1290 penitus
472 1242 684 1278 asseverando
698 1256 706 1275 :
729 1245 775 1276 ita
796 1244 885 1275 enim
899 1243 1064 1276 acriorem

249 1292 366 1327 evadit
378 1292 626 1338 castigationem
640 1315 650 1332 ,
662 1302 762 1339 quam
775 1287 945 1326 sententiae
957 1301 1065 1325 mere-

248 1352 305 1376 tur
315 1337 450 1375 falsitas.

295 1390 525 1435 Hieronymus
542 1386 723 1422 Dandinus
733 1393 881 1420 comment„
894 1385 923 1418 in
931 1384 981 1419 lib.
997 1384 1063 1419 2.de

248 1440 353 1471 Anima
365 1436 474 1482 digreff.
489 1447 544 1481 41·
558 1433 666 1471 censet
677 1434 846 1479 obje&um
859 1447 963 1469 unum
975 1431 1064 1468 visus

246 1498 317 1521 non
328 1497 482 1533 apparere
494 1482 621 1532 duplex
633 1507 643 1522 ,
664 1482 710 1517 ob
721 1481 872 1518 eamdem
881 1483 1064 1526 rationem,

247 1545 389 1582 propter
400 1545 498 1582 quam
512 1545 549 1568 ea
559 1559 569 1576 ‚
590 1543 663 1578 quae
676 1532 860 1566 audiuntur
872 1533 903 1563 &
925 1528 1065 1573 ostiani,

246 1581 395 1630 duplicia
405 1581 464 1617 esse
479 1593 546 1616 non
557 1580 757 1624 judicantur.
770 1580 928 1620 Nimirumj
939 1579 1062 1625 inquit,

245 1629 294 1673 etfi
310 1628 447 1675 senfiones
460 1628 522 1673 ipfae
533 1628 594 1670 fint
615 1628 672 1661 duo
686 1627 873 1673 formaliter,
885 1626 933 1658 hoc
943 1625 1064 1669 est5duo

246 1680 322 1711 astus
329 1679 455 1722 prodiisti
469 1677 505 1710 ab
518 1673 617 1710 anim-d
632 1685 681 1720 per
693 1675 745 1708 duo
765 1685 873 1719 organa
885 1698 897 1718 ‚
920 1672 956 1719 est
969 1683 1064 1707 tamen

245 1738 305 1760 una
315 1724 447 1760 obieisli'vie
459 1738 469 1765 3
480 1728 547 1769 quia
556 1724 705 1759 videndum
719 1733 770 1756 aut
778 1722 955 1769 sentiendum
962 1731 1065 1767 propo-

244 1776 325 1808 nitur
336 1785 422 1808 unum
432 1775 507 1807 circa
521 1773 592 1816 quod
602 1771 870 1815 natumiifiicieiaie
893 1770 976 1805 ambo
994 1773 1067 1806 oculi

245 1832 403 1857 moventur.
428 1826 474 1857 At
486 1833 590 1869 neque
602 1821 657 1856 hic
668 1818 895 1868 Philosophus
913 1819 1067 1868 quaestio-

243 1884 320 1907 nem
332 1869 464 1919 liquido
475 1868 754 1906 resolvit:etenim
765 1866 909 1917 depresso
922 1867 1066 1905 &altero

245 1921 380 1954 elevato
391 1918 495 1954 oculo
506 1930 556 1953 res
565 1930 629 1953 una
642 1916 779 1953 videtur
789 1919 932 1965 gemina.
946 1920 1066 1964 Itaque

244 1965 431 2002 sensionum
451 1970 562 2001 unitas
589 1965 757 2011 objeeliva
779 1980 849 2002 non
870 1963 975 2014 potest
995 1966 1064 2002 dici

245 2012 414 2059 causa,cur
426 2013 498 2048 duae
509 2015 605 2047 unius
616 2014 738 2059 objeffi
752 2018 915 2061 imagines
929 2014 963 2048 in
978 2012 1063 2049 duo-

247 2061 308 2097 bus
318 2063 425 2099 oculi's
437 2060 634 2108 confignatae
649 2063 808 2108 geminati
822 2062 943 2109 objeffi
957 2060 1065 2110 phan-

245 2108 360 2145 tasiam
382 2123 453 2146 non·
471 2112 616 2157 pariant.

295 2157 445 2194 Galenus
457 2158 508 2192 lib.
524 2169 575 2192 10.
588 2158 620 2190 de
631 2155 677 2202 off.
687 2166 765 2201 part.
783 2167 806 2191 c.
824 2168 873 2192 12.
888 2162 919 2192 δε
934 2169 1009 2191 cum
1022 2172 1064 2194 eo

246 2211 424 2243 turmatim
437 2219 552 2242 omnes
570 2207 696 2242 Medici
708 2209 756 2242 ita
769 2217 838 2239 rem
851 2203 935 2239 hanc
950 2206 1065 2240 decer-

247 2267 345 2290 nunt:
360 2263 393 2289 ln
403 2255 504 2299 visione
511 2257 632 2303 pyramis
648 2252 812 2299 efformatur
822 2279 833 2296 ,
848 2256 921 2286 cuius
931 2252 1020 2297 cuspis
1033 2257 1064 2286 in

245 2307 339 2348 oculo,
360 2304 430 2349 bafis
440 2307 470 2337 i'n
480 2314 510 2335 re
526 2300 756 2348 visistatuenda.
771 2303 882 2346 Duplici
892 2310 987 2334 autem
996 2311 1062 2334 con-

245 2361 343 2387 tuente
352 2355 428 2387 oculo
437 2377 448 2395 ‚
471 2352 605 2395 duplicem
616 2349 759 2396 efformari
777 2350 947 2398 pyramidem
957 2352 1064 2383 certum

244 2400 293 2442 eft:
307 2401 484 2434 nihilominus
494 2401 609 2433 unicum
631 2408 750 2443 apparet
758 2400 895 2432 obiectum
907 2422 917 2441 ,
937 2399 1004 2441 quia
1016 2400 1063 2431 vi-

240 2443 336 2495 suales
347 2450 466 2483 duarum
483 2447 659 2497 pyramidum
682 2459 751 2480 axes
761 2449 791 2479 in
801 2443 896 2479 ecidem
905 2443 993 2490 planci
1008 2445 1063 2491 su-

243 2497 354 2541 perficit
361 2498 523 2541 procedunt.
549 2498 663 2543 Atque
683 2494 750 2529 hoc
773 2495 924 2531 instincstu
935 2493 1062 2528 daemo-

249 2548 298 2580 nis
310 2545 475 2590 cujusdam
490 2542 669 2592 prodidisse
688 2540 718 2578 se
731 2541 883 2579 testatum
902 2541 1062 2589 relinquit

247 2590 374 2627 ibidem
385 2593 532 2628 Galenus
544 2619 556 2637 ‚
578 2597 612 2628 in
623 2606 722 2639 quern
733 2592 835 2627 etiam
858 2588 987 2636 culpam
1008 2602 1062 2626 re-

246 2638 398 2684 fundit‚si
409 2641 547 2676 modum
559 2643 726 2676 orationis
738 2640 816 2674 huic
827 2640 968 2685 negotio
979 2650 1064 2674 con-

247 2688 439 2724 venientem
459 2701 526 2723 non
545 2686 646 2724 fuerit
669 2688 840 2723 affecutus.
873 2685 957 2723 Sane
979 2685 1060 2722 vero

247 2735 533 2783 quemadmodum
544 2736 677 2771 daemon
689 2735 745 2770 ille
759 2732 1061 2783 imaginariusfuit,

247 2787 296 2820 ita
306 2794 378 2818 tota
391 2785 479 2817 ratio
493 2785 617 2820 fietaest
627 2788 658 2818 &
671 2781 761 2819 falsa.
776 2784 858 2818 Vsus
868 2795 1008 2831 namque
1020 2782 1062 2817 est

246 2845 290 2869 eo
301 2828 619 2878 capiteGalenusmt
632 2831 716 2868 recte
730 2831 893 2877 Keplerus
904 2831 1061 2872 adnotat)

247 2880 400 2916 terminis
410 2878 530 2926 opticis
543 2879 680 2913 minime
693 2880 734 2915 ad
744 2878 831 2926 leges
841 2878 1062 2927 opticaszvult

245 2933 335 2965 enim
347 2925 533 2974 pyramides
543 2922 676 2959 Vislonis
690 2925 928 2974 formatasipso
943 2927 1062 2963 viden-

248 2977 285 3012 di
297 2976 384 3015 astu,
403 2980 433 3010 &
448 2977 465 3010 Ξι
479 2971 552 3009 visa
573 2983 606 3005 re
621 2970 713 3007 velut
726 2976 743 3008 ὲ
757 2978 929 3010 communi
943 2973 1007 3010 bafi
1019 2974 1061 3009 ad

246 3024 364 3060 oculos
387 3026 598 3059 continuatas
611 3045 622 3063 ‚
650 3030 726 3053 cum
749 3021 945 3058 detortione
969 3021 1059 3059 oculi

245 3073 469 3121 detorqueri}
480 3068 536 3106 susi
549 3080 583 3104 re
595 3066 664 3104 visa
679 3081 686 3102 :
704 3067 793 3116 quali
809 3080 949 3116 corpora
969 3082 1062 3119 quaeg

598 142 755 204 vop:
801 155 1284 203 FORTVNATI
1334 156 1660 199 mamm}

1126 223 1214 269 piam
1225 219 1286 257 sint
1301 247 1313 267 ‚
1323 235 1395 270 quae
1419 221 1517 271 perse
1539 221 1652 259 locum
1665 233 1797 259 mutare
1809 222 1946 272 poffin'r?
1966 232 1967 235 ’

1127 273 1272 318 Eugepae
1289 271 1427 306 doc‘tum
1437 271 1592 307 daemona
1605 298 1616 317 ,
1626 273 1683 319 qui
1696 271 1801 307 isthuc
1814 271 1945 319 sugges-

1125 316 1224 356 serit!
1247 319 1352 355 Porro
1364 330 1475 356 autem
1489 332 1549 354 nec
1561 332 1677 357 verum
1689 318 1730 354 est
1743 344 1755 363 ,
1765 319 1810 354 ob
1821 333 1896 355 axes
1908 325 1943 357 in

1124 365 1246 401 eodem
1268 367 1370 415 plano
1392 367 1592 403 constitutos
1620 366 1756 415 simplex
1786 381 1943 416 apparere

1123 413 1312 461 objeehim:
1338 416 1446 451 altero
1456 418 1546 452 enim
1569 417 1672 452 oculo
1694 414 1804 453 versus
1816 416 1947 453 alteru-⁴

1123 471 1212 497 trum
1224 463 1382 511 angulum
1397 462 1539 512 impulso
1557 491 1565 508 ,
1587 478 1662 500 axes
1674 466 1707 499 in
1719 464 1833 500 eadem
1845 463 1940 513 plana

1120 509 1295 558 superficie
1309 511 1432 548 habent
1443 510 1659 561 positionem,
1679 516 1709 547 δε
1725 511 1835 548 tamen
1846 512 1941 559 obje-

1120 559 1174 593 Ctu
1186 572 1319 608 apparet
1330 560 1456 608 duplex
1466 562 1679 597 nihilosecius
1693 587 1703 604 ‚
1722 562 1822 609 quam
1833 562 1940 599 altero

1120 606 1222 643 oculo
1234 608 1358 644 sursum
1372 608 1425 644 vel
1436 608 1592 645 deorsum
1606 608 1735 646 versum
1746 610 1942 657 compresso.

1120 657 1199 692 Scio
1212 656 1277 691 hoc
1287 656 1540 703 Galenum‚imo
1551 658 1656 707 ipsum
1667 670 1801 706 quoque
1812 660 1942 696 Aristo-

1121 703 1220 739 telem
1236 717 1294 740 nec
1307 707 1354 739 ita
1364 705 1496 750 sentire,
1509 719 1567 741 nec
1579 706 1806 754 docci·e‚quos
1820 709 1939 754 miror',

1120 764 1191 788 rem
1205 754 1238 788 in
1256 752 1318 789 sese
1330 753 1402 801 ipsis
1412 753 1644 791 animadversu
1658 751 1855 790 facillimam
1870 769 1938 792 non

1121 798 1282 860 aggressbs
1293 801 1351 837 esse
1362 805 1507 851 experiri
1523 820 1530 840 ι
1554 815 1587 839 at
1612 804 1653 839 dc
1675 803 1742 840 hoc
1754 801 1840 839 infra
1855 803 1938 840 ube-

1120 862 1205 886 slus.

1167 901 1310 934 Ioannes
1322 902 1422 949 Bapt.
1434 905 1536 935 Porta
1548 899 1597 934 lib.
1612 904 1646 933 6-
1660 899 1692 934 de
1702 899 1816 946 refrac‘l.
1829 908 1889 947 cap.
1906 910 1934 937 1¹.

1120 943 1187 982 hoc
1197 946 1370 993 problema
1390 948 1506 984 frustra
1530 948 1671 995 disquiri
1693 947 1799 983 censet
1816 962 1825 989 ς
1845 961 1937 995 nam,

1120 998 1246 1042 inquit,
1258 995 1305 1041 etfi
1317 999 1384 1031 duos
1396 999 1486 1031 oculos
1497 996 1690 1030 homo-habeat
1699 1022 1710 1040 ‚
1732 999 1830 1029 dextro
1841 1006 1936 1032 tamen
1966 1004 1971 1007 ¹

1113 1043 1250 1088 praecipub
1261 1045 1383 1091 utiturfi
1395 1046 1461 1089 quid
1474 1043 1492 1078 ὰ
1503 1049 1609 1079 dextri?
1625 1059 1634 1085 3
1649 1044 1757 1091 finistro
1767 1044 1808 1090 ‚fi
1817 1057 1862 1089 ca,
1878 1058 1935 1090 qua

1118 1089 1137 1124 ιὶ
1158 1091 1344 1138 inistrissum,
1359 1093 1466 1139 visurus
1479 1092 1527 1139 est:
1540 1103 1677 1136 atqueita
1697 1092 1756 1127 unii
1777 1104 1837 1126 vice
1854 1106 1934 1128 unico

1118 1141 1253 1185 imprimis
1264 1146 1340 1177 oculo
1351 1144 1426 1178 videt
1439 1157 1446 1176 :
1468 1141 1516 1187 otfi
1527 1153 1677 1184 uirumque
1683 1151 1810 1187 apertum
1819 1142 1933 1179 lrabeat.

1118 1192 1196 1224 Hoc
1206 1202 1275 1226 non
1287 1190 1367 1226 alias
1378 1203 1494 1228 verum
1506 1191 1549 1226 est
1563 1216 1572 1233 ‚
1585 1189 1643 1225 nisi
1655 1190 1792 1238 quando
1805 1202 1854 1225 res
1865 1190 1935 1231 vali-

1119 1237 1161 1273 de
1173 1238 1281 1274 oculis
1294 1241 1483 1287 propinqua
1502 1240 1650 1275 videnda
1662 1237 1702 1272 est
1712 1264 1723 1282 ‚
1745 1240 1792 1281 ita
1802 1249 1838 1272 ut
1851 1241 1937 1275 erni-
1968 1246 1972 1252 '

1118 1288 1230 1321 nentia
1243 1287 1481 1335 naliimpediat
1502 1286 1683 1334 specierum
1705 1285 1878 1334 ingressum
1898 1290 1933 1325 in

1117 1335 1260 1370 alterum
1272 1335 1432 1379 oculum3
1453 1338 1487 1370 iu
1501 1335 1597 1371 rebus
1619 1335 1756 1382 longius
1775 1334 1842 1372 fitis
1864 1346 1932 1372 non

1117 1383 1252 1418 obtinet
1266 1388 1417 1432 nequein
1429 1382 1590 1433 oppositis
1609 1397 1651 1417 ex
1671 1383 1832 1423 adverso,
1852 1397 1935 1433 qua—

1117 1441 1192 1465 rum
1204 1436 1321 1480 utique
1330 1429 1451 1480 species
1463 1430 1629 1468 ambobus
1643 1432 1751 1468 oculis
1762 1432 1931 1481 aequaliter

1119 1479 1305 1516 haurimus.

1166 1527 1373 1574 Aguilonius
1391 1556 1403 1576 ,
1425 1531 1484 1578 qui
1514 1528 1730 1564 recentissime
1767 1527 1935 1575 objestum

1119 1578 1293 1623 problema
1305 1580 1448 1625 agitavit
1462 1602 1473 1623 ,
1493 1575 1533 1612 fic
1544 1576 1815 1624 philosophatur.
1836 1582 1934 1613 Plures

1113 1625 1212 1670 sormae
1226 1637 1305 1659 umus
1317 1631 1359 1661 rei
1370 1625 1480 1671 tametfi
1491 1638 1520 1659 in
1531 1628 1626 1660 multia
1645 1627 1726 1659 oculis
1745 1638 1858 1661 numero
1874 1626 1934 1672 fine

1118 1671 1247 1719 distinstae
1257 1699 1268 1717 ‚
1282 1674 1377 1709 tamen
1388 1687 1445 1710 vim
1457 1675 1561 1709 habent
1581 1676 1705 1708 eamdem
1718 1684 1775 1708 rem
1787 1676 1936 1721 represen-

1118 1722 1211 1765 tandi'‚
1221 1731 1333 1768 propter
1344 1724 1703 1768 exailumfimilitudinem,
1716 1735 1799 1768 quam
1811 1722 1830 1758 >i
1841 1724 1930 1768 rebus,

1118 1770 1191 1804 unde
1198 1772 1323 1818 profetia
1330 1772 1412 1819 sunt,
1425 1782 1600 1818 acceperunt.
1607 1777 1704 1819 Qare
1713 1772 1936 1819 iriternussensus

1114 1818 1167 1865 seu
1176 1819 1300 1865 facultas
1306 1822 1435 1867 superior
1447 1847 1458 1865 ,
1481 1833 1539 1865 quae
1549 1830 1696 1854 externum
1708 1820 1797 1867 visum
1807 1825 1938 1866 complet,

1120 1867 1225 1902 duabus
1235 1872 1279 1904 vel
1306 1879 1392 1903 etiam
1401 1870 1526 1914 pluribus
1543 1868 1680 1914 speciebus
1699 1871 1851 1916 excitata(
1861 1880 1893 1904 ut
1905 1872 1936 1905 in

1115 1917 1372 1965 polyoplnhalmi'cis
1384 1922 1399 1960 )
1411 1931 1491 1952 unius
1503 1915 1617 1951 rantilm
1635 1920 1674 1950 rei
1696 1920 1836 1951 notionem
1857 1918 1936 1963 effin-

1115 1966 1186 2010 git:
1218 1967 1257 2000 ad
1277 1978 1339 2001 eum
1361 1967 1439 2001 modo
1464 1966 1586 2011 pluribus
1609 1965 1733 2011 inspelli'c
1765 1967 1934 2011 imaginibus

1119 2025 1206 2048 unum
1235 2017 1351 2049 tantam
1381 2015 1518 2061 cesarem
1540 2024 1630 2048 mente
1652 2024 1824 2059 concipimus.
1856 2017 1935 2050 Hoc

1118 2062 1378 2112 philosophema
1408 2077 1476 2100 non
1498 2065 1602 2099 video
1625 2088 1635 2104 ,
1667 2064 1727 2110 qui
1749 2062 1803 2098 vel
1826 2060 1936 2099 hilum

1120 2112 1261 2159 propius
1283 2113 1386 2158 quam
1406 2114 1536 2160 priores
1559 2115 1736 2160 opiniones
1749 2110 1836 2160 scopi
1860 2124 1936 2148 uiu-
1971 2152 1979 2156 ,

1120 2160 1260 2195 bilicum
1285 2160 1396 2196 feriat.
1414 2162 1552 2197 Etenim
1563 2160 1657 2207 quod
1679 2158 1836 2196 adversus
1860 2159 1935 2195 illas

1118 2206 1366 2243 adducebamus
1388 2233 1399 2250 ,
1435 2208 1557 2243 adduci
1592 2205 1697 2253 potest
1726 2208 1760 2242 in
1787 2206 1866 2241 loco
1897 2213 1932 2243 &

1119 2252 1177 2288 hic
1191 2269 1200 2295 ;
1214 2268 1330 2301 nempe
1342 2281 1351 2295 ‚
1370 2255 1447 2290 cum
1456 2254 1574 2290 formae
1587 2252 1731 2290 visibiles
1752 2254 1858 2291 oculis
1871 2255 1933 2293 ad-

1117 2301 1214 2337 miss'ae
1234 2303 1358 2349 semper
1378 2306 1526 2339 exaesam
1559 2302 1701 2338 habeant
1721 2301 1932 2350 objectorum

1115 2346 1382 2392 fimilitudmem,
1392 2364 1573 2398 numquam
1584 2352 1779 2398 contingere
1791 2355 1932 2399 poterit,·

1116 2407 1215 2433 utres
1227 2411 1291 2435 una
1313 2399 1438 2448 duplex
1458 2411 1623 2447 appareat.
1647 2404 1766 2448 ltaque
1784 2412 1932 2448 quomo-

1114 2445 1306 2495 documque
1325 2447 1388 2484 sito
1408 2446 1462 2483 vel
1492 2447 1594 2496 presso
1625 2445 1727 2484 oculo
1759 2446 1849 2483 nulla
1872 2448 1932 2485 fiet
1954 2459 1957 2467 ⁴

1115 2496 1151 2530 in
1162 2493 1235 2531 visu
1251 2495 1490 2533 hallucinatio.
1506 2502 1544 2529 At
1555 2522 1565 2540 ‚
1578 2497 1687 2544 inquit
1698 2523 1709 2542 ‚
1731 2493 1805 2540 quod
1814 2507 1857 2529 res
1870 2509 1928 2533 uua
1971 2518 1974 2521 -

1110 2542 1196 2588 presso
1208 2547 1283 2579 oculo
1292 2548 1408 2589 gemina
1420 2553 1555 2589 appareat
1567 2569 1577 2587 ‚
1598 2545 1648 2578 hoc
1667 2548 1741 2579 inter
1758 2545 1928 2589 deceptione&

1114 2590 1250 2639 erroresq'y
1260 2593 1330 2638 visus
1341 2592 1443 2638 censeri
1454 2592 1532 2625 debet
1547 2607 1554 2626 ε
1576 2604 1630 2626 non
1641 2595 1716 2627 enim
1731 2600 1796 2626 'tum
1808 2593 1864 2626 dua
1875 2604 1928 2627 no-
1949 2620 1955 2625 ,

1114 2641 1205 2673 tiones
1216 2642 1234 2674 d
1242 2637 1324 2686 sensu
1330 2641 1496 2687 formantur
1505 2666 1515 2683 ,
1532 2639 1580 2685 [ed
1589 2652 1646 2675 ima
1656 2640 1774 2687 eiusdem
1784 2643 1823 2674 rei
1834 2666 1846 2684 ‚
1869 2653 1928 2685 quae

1111 2698 1366 2733 geminaputatur.
1391 2691 1459 2724 Cui
1481 2685 1652 2724 subinfero
1669 2702 1734 2736 ego
1757 2703 1766 2724 ε
1789 2687 1810 2724 si
1832 2700 1928 2725 error

1115 2733 1204 2783 visus
1220 2738 1262 2773 est
1277 2760 1287 2779 ‚
1306 2735 1387 2784 ergo
1415 2737 1509 2785 quod
1539 2749 1688 2773 errorem
1722 2736 1818 2773 illum
1848 2749 1926 2773 cor-

1113 2785 1195 2830 tigit
1206 2782 1297 2819 causa
1316 2783 1492 2821 existimari
1514 2783 1613 2821 debet
1626 2785 1728 2821 ,τεέὶεε
1748 2791 1780 2822 &
1803 2783 1930 2834 srmpli-

1116 2833 1162 2867 cis
1172 2831 1306 2868 visionis
1321 2848 1329 2867 ι
1352 2837 1445 2881 atqui
1457 2831 1520 2868 hoc
1533 2845 1600 2868 non
1612 2831 1730 2882 species
1744 2860 1755 2879 ,
1774 2833 1828 2869 sed
1841 2847 1925 2870 ocu-

1116 2879 1225 2916 lorum
1240 2879 1317 2916 situs
1328 2885 1397 2929 agit
1412 2883 1535 2928 3ig1tur
1547 2882 1581 2914 in
1592 2882 1769 2918 oculorum
1779 2881 1877 2918 situm
1890 2886 1925 2918 &

1115 2927 1370 2973 habitudinem,
1395 2942 1463 2965 non
1483 2927 1566 2966 vero
1580 2929 1760 2978 inspeciem
1782 2928 1876 2978 culpa
1888 2943 1925 2966 ac

1115 2976 1210 3012 causa
1231 2977 1275 3013 est
1298 2976 1488 3024 rejicienda,
1510 2979 1602 3012 Dico
1624 2978 1705 3014 vero
1728 2981 1830 3014 etiam
1851 2989 1926 3014 turn

1115 3026 1133 3060 a
1153 3023 1243 3061 sensu
1264 3025 1344 3060 duas
1381 3026 1538 3062 notiones
1567 3024 1730 3071 formari,
1749 3029 1828 3076 quia
1848 3024 1924 3062 vere

1113 3071 1218 3110 sensus
1250 3085 1349 3109 unam
1373 3085 1444 3111 rem
1467 3097 1477 3115 ‚
1508 3084 1546 3108 ut
1581 3073 1663 3111 duas
1693 3071 1937 3124 apprehendit&-

1823 3123 1927 3170 quam?
1951 3152 1953 3155 .
