<?xml version="1.0" encoding="UTF-8"?>
<!DOCTYPE html PUBLIC "-//W3C//DTD XHTML 1.0 Transitional//EN"
    "http://www.w3.org/TR/xhtml1/DTD/xhtml1-transitional.dtd">
<html xmlns="http://www.w3.org/1999/xhtml" xml:lang="en" lang="en">
 <head>
  <title>
</title>
<meta http-equiv="Content-Type" content="text/html;charset=utf-8" />
  <meta name='ocr-system' content='tesseract 3.04.00' />
  <meta name='ocr-capabilities' content='ocr_page ocr_carea ocr_par ocr_line ocrx_word'/>
</head>
<body>
  <div class='ocr_page' id='page_1' title='image "./ophthalmographia00plem_0216.png"; bbox 0 0 1990 3386; ppageno 0'>
   <div class='ocr_carea' id='block_1_1' title="bbox 232 156 1095 2734">
    <p class='ocr_par' dir='ltr' id='par_1_1' title="bbox 232 156 840 255">
     <span class='ocr_line' id='line_1_1' title="bbox 232 156 298 195; baseline -0.045 -7"><span class='ocrx_word' id='word_1_1' title='bbox 232 156 298 195; x_wconf 67' lang='lat'>‘192‘</span> 
     </span>
     <span class='ocr_line' id='line_1_2' title="bbox 238 200 840 255; baseline -0.018 -6"><span class='ocrx_word' id='word_1_2' title='bbox 238 213 294 249; x_wconf 72' lang='lat' dir='ltr'>mis</span> <span class='ocrx_word' id='word_1_3' title='bbox 309 219 360 246; x_wconf 79' lang='lat' dir='ltr'>aut</span> <span class='ocrx_word' id='word_1_4' title='bbox 371 208 492 245; x_wconf 73' lang='lat' dir='ltr'>materia</span> <span class='ocrx_word' id='word_1_5' title='bbox 500 205 587 255; x_wconf 74' lang='lat' dir='ltr'>effatu</span> <span class='ocrx_word' id='word_1_6' title='bbox 599 206 688 251; x_wconf 79' lang='lat' dir='ltr'>digna</span> <span class='ocrx_word' id='word_1_7' title='bbox 699 200 840 249; x_wconf 80' lang='lat' dir='ltr'>effluente.</span> 
     </span>
    </p>

    <p class='ocr_par' dir='ltr' id='par_1_2' title="bbox 238 250 1065 406">
     <span class='ocr_line' id='line_1_3' title="bbox 292 250 1064 300; baseline -0.017 -5"><span class='ocrx_word' id='word_1_8' title='bbox 292 257 464 296; x_wconf 82' lang='lat' dir='ltr'>Chemosis</span> <span class='ocrx_word' id='word_1_9' title='bbox 476 258 518 292; x_wconf 84' lang='lat' dir='ltr'>cst</span> <span class='ocrx_word' id='word_1_10' title='bbox 530 266 636 300; x_wconf 70' lang='lat' dir='ltr'>magna</span> <span class='ocrx_word' id='word_1_11' title='bbox 656 253 844 298; x_wconf 81' lang='lat' dir='ltr'>inflammatio</span> <span class='ocrx_word' id='word_1_12' title='bbox 859 261 915 284; x_wconf 67' lang='lat' dir='ltr'>reon</span> <span class='ocrx_word' id='word_1_13' title='bbox 926 250 1064 284; x_wconf 72' lang='lat' dir='ltr'>adnatam</span> 
     </span>
     <span class='ocr_line' id='line_1_4' title="bbox 238 298 1065 357; baseline -0.015 -14"><span class='ocrx_word' id='word_1_14' title='bbox 238 308 334 357; x_wconf 66' lang='lat' dir='ltr'>saltim</span> <span class='ocrx_word' id='word_1_15' title='bbox 345 319 480 349; x_wconf 76' lang='lat' dir='ltr'>tunicam,</span> <span class='ocrx_word' id='word_1_16' title='bbox 482 306 503 351; x_wconf 77' lang='lat' dir='ltr'>s</span> <span class='ocrx_word' id='word_1_17' title='bbox 498 307 529 338; x_wconf 79' lang='lat' dir='ltr'>ed</span> <span class='ocrx_word' id='word_1_18' title='bbox 540 306 576 342; x_wconf 62' lang='grc' dir='ltr'>ά*</span> <span class='ocrx_word' id='word_1_19' title='bbox 587 313 716 338; x_wconf 83' lang='lat' dir='ltr'>corneam</span> <span class='ocrx_word' id='word_1_20' title='bbox 728 313 761 335; x_wconf 83' lang='lat' dir='ltr'>ac</span> <span class='ocrx_word' id='word_1_21' title='bbox 766 300 917 345; x_wconf 83' lang='lat' dir='ltr'>palpebras</span> <span class='ocrx_word' id='word_1_22' title='bbox 929 298 1065 343; x_wconf 77' lang='lat' dir='ltr'>obfidens.</span> 
     </span>
     <span class='ocr_line' id='line_1_5' title="bbox 248 347 1064 406; baseline -0.016 -13"><span class='ocrx_word' id='word_1_23' title='bbox 248 354 328 393; x_wconf 78' lang='lat' dir='ltr'>Haec</span> <span class='ocrx_word' id='word_1_24' title='bbox 338 368 452 406; x_wconf 84' lang='lat' dir='ltr'>pueros</span> <span class='ocrx_word' id='word_1_25' title='bbox 464 353 567 400; x_wconf 79' lang='lat' dir='ltr'>magis</span> <span class='ocrx_word' id='word_1_26' title='bbox 581 353 683 401; x_wconf 70' lang='lat' dir='ltr'>quam</span> <span class='ocrx_word' id='word_1_27' title='bbox 702 348 832 385; x_wconf 85' lang='lat' dir='ltr'>adultos</span> <span class='ocrx_word' id='word_1_28' title='bbox 844 347 1064 396; x_wconf 81' lang='lat' dir='ltr'><strong>apprehendit.</strong></span> 
     </span>
    </p>

    <p class='ocr_par' dir='ltr' id='par_1_3' title="bbox 247 394 1069 741">
     <span class='ocr_line' id='line_1_6' title="bbox 310 394 1066 447; baseline -0.016 -6"><span class='ocrx_word' id='word_1_29' title='bbox 310 403 411 441; x_wconf 87' lang='lat' dir='ltr'>Multi</span> <span class='ocrx_word' id='word_1_30' title='bbox 432 404 531 437; x_wconf 82' lang='lat' dir='ltr'>etiam</span> <span class='ocrx_word' id='word_1_31' title='bbox 549 400 668 435; x_wconf 85' lang='lat' dir='ltr'>literati</span> <span class='ocrx_word' id='word_1_32' title='bbox 689 396 929 447; x_wconf 86' lang='lat' dir='ltr'>ophthalmiam</span> <span class='ocrx_word' id='word_1_33' title='bbox 949 394 1066 431; x_wconf 74' lang='lat' dir='ltr'>Latine</span> 
     </span>
     <span class='ocr_line' id='line_1_7' title="bbox 248 443 1067 496; baseline -0.013 -7"><span class='ocrx_word' id='word_1_34' title='bbox 248 463 380 489; x_wconf 86' lang='lat' dir='ltr'>vertunt</span> <span class='ocrx_word' id='word_1_35' title='bbox 390 451 595 496; x_wconf 80' lang='lat' dir='ltr'>lippitudinem.</span> <span class='ocrx_word' id='word_1_36' title='bbox 616 446 719 485; x_wconf 73' lang='lat' dir='ltr'>Male.</span> <span class='ocrx_word' id='word_1_37' title='bbox 739 449 827 482; x_wconf 90' lang='lat' dir='ltr'>Nam</span> <span class='ocrx_word' id='word_1_38' title='bbox 836 448 935 491; x_wconf 77' lang='lat' dir='ltr'>lippire</span> <span class='ocrx_word' id='word_1_39' title='bbox 946 457 1012 479; x_wconf 89' lang='lat' dir='ltr'>non</span> <span class='ocrx_word' id='word_1_40' title='bbox 1023 443 1067 478; x_wconf 83' lang='lat' dir='ltr'>est</span> 
     </span>
     <span class='ocr_line' id='line_1_8' title="bbox 248 492 1066 549; baseline -0.013 -14"><span class='ocrx_word' id='word_1_41' title='bbox 248 498 453 549; x_wconf 67' lang='lat' dir='ltr'>ophthalmia</span> <span class='ocrx_word' id='word_1_42' title='bbox 474 500 596 542; x_wconf 87' lang='lat' dir='ltr'>teneri,</span> <span class='ocrx_word' id='word_1_43' title='bbox 619 495 673 532; x_wconf 93' lang='lat' dir='ltr'>sed</span> <span class='ocrx_word' id='word_1_44' title='bbox 699 494 816 531; x_wconf 79' lang='lat' dir='ltr'>habere</span> <span class='ocrx_word' id='word_1_45' title='bbox 828 493 943 529; x_wconf 89' lang='lat' dir='ltr'>oculos</span> <span class='ocrx_word' id='word_1_46' title='bbox 970 492 1066 536; x_wconf 77' lang='grc' dir='ltr'><strong><em>λὶπῳ,</em></strong></span> 
     </span>
     <span class='ocr_line' id='line_1_9' title="bbox 248 539 1066 595; baseline -0.012 -11"><span class='ocrx_word' id='word_1_47' title='bbox 248 549 282 585; x_wconf 87' lang='lat' dir='ltr'>id</span> <span class='ocrx_word' id='word_1_48' title='bbox 293 548 347 594; x_wconf 84' lang='lat' dir='ltr'>est,</span> <span class='ocrx_word' id='word_1_49' title='bbox 361 547 499 583; x_wconf 85' lang='lat' dir='ltr'>humore</span> <span class='ocrx_word' id='word_1_50' title='bbox 511 549 624 595; x_wconf 87' lang='lat' dir='ltr'>pingui</span> <span class='ocrx_word' id='word_1_51' title='bbox 637 544 771 581; x_wconf 84' lang='lat' dir='ltr'>fluentes</span> <span class='ocrx_word' id='word_1_52' title='bbox 794 541 845 578; x_wconf 90' lang='lat' dir='ltr'>seu</span> <span class='ocrx_word' id='word_1_53' title='bbox 855 539 1066 589; x_wconf 85' lang='lat' dir='ltr'>lacrymosos.</span> 
     </span>
     <span class='ocr_line' id='line_1_10' title="bbox 249 589 1069 642; baseline -0.013 -8"><span class='ocrx_word' id='word_1_54' title='bbox 249 598 406 634; x_wconf 81' lang='lat' dir='ltr'>Horatius</span> <span class='ocrx_word' id='word_1_55' title='bbox 416 594 445 631; x_wconf 83' lang='lat' dir='ltr'>se</span> <span class='ocrx_word' id='word_1_56' title='bbox 454 599 561 641; x_wconf 80' lang='lat' dir='ltr'>lippum</span> <span class='ocrx_word' id='word_1_57' title='bbox 572 606 669 630; x_wconf 86' lang='lat' dir='ltr'>vocat</span> <span class='ocrx_word' id='word_1_58' title='bbox 682 619 692 638; x_wconf 85' lang='lat'>‚</span> <span class='ocrx_word' id='word_1_59' title='bbox 705 591 797 642; x_wconf 90' lang='lat' dir='ltr'>quod</span> <span class='ocrx_word' id='word_1_60' title='bbox 810 590 961 626; x_wconf 77' lang='lat' dir='ltr'>hebetius</span> <span class='ocrx_word' id='word_1_61' title='bbox 972 589 1069 625; x_wconf 89' lang='lat' dir='ltr'>vide—</span> 
     </span>
     <span class='ocr_line' id='line_1_11' title="bbox 247 636 1068 690; baseline -0.01 -10"><span class='ocrx_word' id='word_1_62' title='bbox 247 654 295 681; x_wconf 77' lang='lat' dir='ltr'>ret</span> <span class='ocrx_word' id='word_1_63' title='bbox 308 671 319 690; x_wconf 88' lang='lat'>‚</span> <span class='ocrx_word' id='word_1_64' title='bbox 329 651 360 681; x_wconf 85' lang='lat'>&amp;</span> <span class='ocrx_word' id='word_1_65' title='bbox 381 643 485 680; x_wconf 84' lang='lat' dir='ltr'>oculis</span> <span class='ocrx_word' id='word_1_66' title='bbox 497 643 569 679; x_wconf 72' lang='lat' dir='ltr'>esset</span> <span class='ocrx_word' id='word_1_67' title='bbox 582 642 750 682; x_wconf 81' lang='lat' dir='ltr'>mollibus;</span> <span class='ocrx_word' id='word_1_68' title='bbox 764 653 831 674; x_wconf 85' lang='lat' dir='ltr'>non</span> <span class='ocrx_word' id='word_1_69' title='bbox 841 651 961 684; x_wconf 87' lang='lat' dir='ltr'>autem,</span> <span class='ocrx_word' id='word_1_70' title='bbox 975 636 1068 687; x_wconf 74' lang='lat' dir='ltr'>quod</span> 
     </span>
     <span class='ocr_line' id='line_1_12' title="bbox 247 687 1061 741; baseline -0.01 -12"><span class='ocrx_word' id='word_1_71' title='bbox 247 696 453 729; x_wconf 83' lang='lat' dir='ltr'><strong>continenter</strong></span> <span class='ocrx_word' id='word_1_72' title='bbox 473 692 679 741; x_wconf 63' lang='lat' dir='ltr'>ophthalmia</span> <span class='ocrx_word' id='word_1_73' title='bbox 701 689 876 733; x_wconf 75' lang='lat' dir='ltr'>laboraret,</span> <span class='ocrx_word' id='word_1_74' title='bbox 889 690 936 723; x_wconf 87' lang='lat' dir='ltr'>uti</span> <span class='ocrx_word' id='word_1_75' title='bbox 951 687 1061 722; x_wconf 86' lang='lat' dir='ltr'>credo.</span> 
     </span>
    </p>

    <p class='ocr_par' dir='ltr' id='par_1_4' title="bbox 246 741 1076 1325">
     <span class='ocr_line' id='line_1_13' title="bbox 300 741 1070 786; baseline -0.012 -8"><span class='ocrx_word' id='word_1_76' title='bbox 300 741 423 778; x_wconf 89' lang='lat' dir='ltr'>Melius</span> <span class='ocrx_word' id='word_1_77' title='bbox 444 743 542 777; x_wconf 85' lang='lat' dir='ltr'>nobis</span> <span class='ocrx_word' id='word_1_78' title='bbox 561 741 776 776; x_wconf 85' lang='lat' dir='ltr'>distinxerunt</span> <span class='ocrx_word' id='word_1_79' title='bbox 811 748 987 786; x_wconf 87' lang='lat' dir='ltr'>utrumque</span> <span class='ocrx_word' id='word_1_80' title='bbox 1008 748 1070 769; x_wconf 89' lang='lat' dir='ltr'>no-</span> 
     </span>
     <span class='ocr_line' id='line_1_14' title="bbox 251 783 1071 839; baseline -0.01 -13"><span class='ocrx_word' id='word_1_81' title='bbox 251 800 326 827; x_wconf 85' lang='lat' dir='ltr'>rnen</span> <span class='ocrx_word' id='word_1_82' title='bbox 337 791 357 838; x_wconf 82' lang='lat' dir='ltr'>ij</span> <span class='ocrx_word' id='word_1_83' title='bbox 368 817 379 835; x_wconf 88' lang='lat'>‚</span> <span class='ocrx_word' id='word_1_84' title='bbox 392 803 475 839; x_wconf 87' lang='lat' dir='ltr'>quos</span> <span class='ocrx_word' id='word_1_85' title='bbox 495 801 531 825; x_wconf 92' lang='lat' dir='ltr'>ut</span> <span class='ocrx_word' id='word_1_86' title='bbox 542 789 698 824; x_wconf 86' lang='lat' dir='ltr'>barbaros</span> <span class='ocrx_word' id='word_1_87' title='bbox 719 786 768 821; x_wconf 88' lang='lat' dir='ltr'>isti</span> <span class='ocrx_word' id='word_1_88' title='bbox 779 783 971 821; x_wconf 65' lang='lat' dir='ltr'>insectantur</span> <span class='ocrx_word' id='word_1_89' title='bbox 982 783 1071 834; x_wconf 90' lang='lat' dir='ltr'>poli-</span> 
     </span>
     <span class='ocr_line' id='line_1_15' title="bbox 248 835 1071 887; baseline -0.012 -12"><span class='ocrx_word' id='word_1_90' title='bbox 248 843 364 875; x_wconf 82' lang='lat' dir='ltr'>tiores:</span> <span class='ocrx_word' id='word_1_91' title='bbox 386 837 626 887; x_wconf 73' lang='lat' dir='ltr'>ophthalmiam</span> <span class='ocrx_word' id='word_1_92' title='bbox 645 836 702 872; x_wconf 83' lang='lat' dir='ltr'>effe</span> <span class='ocrx_word' id='word_1_93' title='bbox 722 839 795 869; x_wconf 78' lang='lat' dir='ltr'>oculi</span> <span class='ocrx_word' id='word_1_94' title='bbox 815 835 1071 880; x_wconf 71' lang='lat' dir='ltr'>inflammationem</span> 
     </span>
     <span class='ocr_line' id='line_1_16' title="bbox 246 884 1073 936; baseline -0.008 -13"><span class='ocrx_word' id='word_1_95' title='bbox 246 900 281 923; x_wconf 82' lang='lat' dir='ltr'>ac</span> <span class='ocrx_word' id='word_1_96' title='bbox 293 890 441 929; x_wconf 71' lang='lat' dir='ltr'>ruborem;</span> <span class='ocrx_word' id='word_1_97' title='bbox 461 886 690 936; x_wconf 78' lang='lat' dir='ltr'>lippitudinem</span> <span class='ocrx_word' id='word_1_98' title='bbox 702 884 782 921; x_wconf 77' lang='lat' dir='ltr'>vero</span> <span class='ocrx_word' id='word_1_99' title='bbox 803 886 1073 929; x_wconf 79' lang='lat' dir='ltr'>conglutinationem</span> 
     </span>
     <span class='ocr_line' id='line_1_17' title="bbox 252 933 1073 985; baseline -0.007 -13"><span class='ocrx_word' id='word_1_100' title='bbox 252 939 512 985; x_wconf 75' lang='lat' dir='ltr'>interpretantes,</span> <span class='ocrx_word' id='word_1_101' title='bbox 540 939 586 972; x_wconf 85' lang='lat' dir='ltr'>Et</span> <span class='ocrx_word' id='word_1_102' title='bbox 607 933 751 970; x_wconf 89' lang='lat' dir='ltr'>illatinus</span> <span class='ocrx_word' id='word_1_103' title='bbox 772 937 898 967; x_wconf 82' lang='lat' dir='ltr'>Paraeus</span> <span class='ocrx_word' id='word_1_104' title='bbox 922 944 1073 967; x_wconf 88' lang='lat' dir='ltr'>omnium</span> 
     </span>
     <span class='ocr_line' id='line_1_18' title="bbox 251 983 1073 1030; baseline -0.009 -10"><span class='ocrx_word' id='word_1_105' title='bbox 251 984 411 1022; x_wconf 72' lang='lat' dir='ltr'>scitissime</span> <span class='ocrx_word' id='word_1_106' title='bbox 432 985 579 1020; x_wconf 86' lang='lat' dir='ltr'>distinxit</span> <span class='ocrx_word' id='word_1_107' title='bbox 602 985 653 1019; x_wconf 76' lang='lat' dir='ltr'>lib.</span> <span class='ocrx_word' id='word_1_108' title='bbox 679 989 730 1018; x_wconf 87' lang='lat'>16.</span> <span class='ocrx_word' id='word_1_109' title='bbox 752 992 814 1027; x_wconf 84' lang='lat' dir='ltr'>cap.</span> <span class='ocrx_word' id='word_1_110' title='bbox 841 992 852 1014; x_wconf 90' lang='lat'>1</span> <span class='ocrx_word' id='word_1_111' title='bbox 862 992 890 1016; x_wconf 87' lang='lat'>1.</span> <span class='ocrx_word' id='word_1_112' title='bbox 911 983 1073 1030; x_wconf 83' lang='lat' dir='ltr'>inquiens,</span> 
     </span>
     <span class='ocr_line' id='line_1_19' title="bbox 249 1030 1073 1083; baseline -0.008 -14"><span class='ocrx_word' id='word_1_113' title='bbox 249 1033 480 1083; x_wconf 80' lang='lat' dir='ltr'>lippitudinem</span> <span class='ocrx_word' id='word_1_114' title='bbox 501 1034 558 1069; x_wconf 84' lang='lat' dir='ltr'>esse</span> <span class='ocrx_word' id='word_1_115' title='bbox 579 1034 660 1068; x_wconf 78' lang='lat' dir='ltr'>albas</span> <span class='ocrx_word' id='word_1_116' title='bbox 683 1032 818 1078; x_wconf 76' lang='lat' dir='ltr'>quasdam</span> <span class='ocrx_word' id='word_1_117' title='bbox 825 1030 921 1076; x_wconf 76' lang='lat' dir='ltr'>sordes</span> <span class='ocrx_word' id='word_1_118' title='bbox 943 1032 979 1065; x_wconf 81' lang='lat' dir='ltr'>ab</span> <span class='ocrx_word' id='word_1_119' title='bbox 990 1032 1073 1064; x_wconf 71' lang='lat' dir='ltr'>oculu</span> 
     </span>
     <span class='ocr_line' id='line_1_20' title="bbox 246 1080 1075 1130; baseline -0.006 -13"><span class='ocrx_word' id='word_1_120' title='bbox 246 1084 418 1130; x_wconf 82' lang='lat' dir='ltr'>profluentes</span> <span class='ocrx_word' id='word_1_121' title='bbox 433 1111 441 1127; x_wconf 92' lang='lat'>‚</span> <span class='ocrx_word' id='word_1_122' title='bbox 453 1095 510 1127; x_wconf 77' lang='lat' dir='ltr'>quae</span> <span class='ocrx_word' id='word_1_123' title='bbox 517 1081 588 1130; x_wconf 67' lang='lat' dir='ltr'>sape</span> <span class='ocrx_word' id='word_1_124' title='bbox 594 1083 745 1128; x_wconf 78' lang='lat' dir='ltr'>palpebras</span> <span class='ocrx_word' id='word_1_125' title='bbox 759 1080 816 1126; x_wconf 75' lang='lat' dir='ltr'>fibi</span> <span class='ocrx_word' id='word_1_126' title='bbox 827 1081 947 1113; x_wconf 78' lang='lat' dir='ltr'>invicem</span> <span class='ocrx_word' id='word_1_127' title='bbox 967 1081 1075 1125; x_wconf 79' lang='lat' dir='ltr'>agglu—</span> 
     </span>
     <span class='ocr_line' id='line_1_21' title="bbox 251 1128 1076 1177; baseline -0.006 -10"><span class='ocrx_word' id='word_1_128' title='bbox 251 1136 361 1168; x_wconf 80' lang='lat' dir='ltr'>tinant.</span> <span class='ocrx_word' id='word_1_129' title='bbox 387 1131 455 1167; x_wconf 87' lang='lat' dir='ltr'>Vbi</span> <span class='ocrx_word' id='word_1_130' title='bbox 477 1136 509 1167; x_wconf 74' lang='grc' dir='ltr'>δι</span> <span class='ocrx_word' id='word_1_131' title='bbox 520 1132 604 1167; x_wconf 71' lang='grc' dir='ltr'>ῑεᾶὲ</span> <span class='ocrx_word' id='word_1_132' title='bbox 617 1131 697 1165; x_wconf 88' lang='lat' dir='ltr'>dicit</span> <span class='ocrx_word' id='word_1_133' title='bbox 709 1156 719 1174; x_wconf 93' lang='lat'>‚</span> <span class='ocrx_word' id='word_1_134' title='bbox 730 1128 960 1177; x_wconf 84' lang='lat' dir='ltr'>lippitudinem</span> <span class='ocrx_word' id='word_1_135' title='bbox 972 1130 1012 1163; x_wconf 85' lang='lat' dir='ltr'>ab</span> <span class='ocrx_word' id='word_1_136' title='bbox 1024 1129 1076 1162; x_wconf 88' lang='lat' dir='ltr'>in-</span> 
     </span>
     <span class='ocr_line' id='line_1_22' title="bbox 251 1176 1075 1228; baseline -0.006 -12"><span class='ocrx_word' id='word_1_137' title='bbox 251 1179 353 1216; x_wconf 81' lang='lat' dir='ltr'>fantia</span> <span class='ocrx_word' id='word_1_138' title='bbox 363 1178 442 1228; x_wconf 74' lang='lat' dir='ltr'>saepe</span> <span class='ocrx_word' id='word_1_139' title='bbox 456 1180 603 1215; x_wconf 86' lang='lat' dir='ltr'>contrahi</span> <span class='ocrx_word' id='word_1_140' title='bbox 618 1205 629 1223; x_wconf 87' lang='lat'>‚</span> <span class='ocrx_word' id='word_1_141' title='bbox 645 1184 676 1215; x_wconf 86' lang='lat'>&amp;</span> <span class='ocrx_word' id='word_1_142' title='bbox 698 1189 804 1214; x_wconf 85' lang='lat' dir='ltr'>totam</span> <span class='ocrx_word' id='word_1_143' title='bbox 817 1176 960 1211; x_wconf 86' lang='lat' dir='ltr'>hominis</span> <span class='ocrx_word' id='word_1_144' title='bbox 971 1179 1075 1212; x_wconf 86' lang='lat' dir='ltr'>vitam</span> 
     </span>
     <span class='ocr_line' id='line_1_23' title="bbox 252 1223 1071 1278; baseline -0.002 -14"><span class='ocrx_word' id='word_1_145' title='bbox 252 1228 411 1270; x_wconf 82' lang='lat' dir='ltr'>infestare;</span> <span class='ocrx_word' id='word_1_146' title='bbox 422 1229 513 1278; x_wconf 86' lang='lat' dir='ltr'>quod</span> <span class='ocrx_word' id='word_1_147' title='bbox 522 1226 735 1276; x_wconf 83' lang='lat' dir='ltr'>ophtlialmiae</span> <span class='ocrx_word' id='word_1_148' title='bbox 757 1226 809 1262; x_wconf 89' lang='lat' dir='ltr'>seu</span> <span class='ocrx_word' id='word_1_149' title='bbox 821 1223 1071 1262; x_wconf 80' lang='lat' dir='ltr'>inflammationi</span> 
     </span>
     <span class='ocr_line' id='line_1_24' title="bbox 251 1279 500 1325; baseline -0.004 -12"><span class='ocrx_word' id='word_1_150' title='bbox 251 1290 320 1313; x_wconf 91' lang='lat' dir='ltr'>non</span> <span class='ocrx_word' id='word_1_151' title='bbox 331 1279 500 1325; x_wconf 89' lang='lat' dir='ltr'>competit.</span> 
     </span>
    </p>

    <p class='ocr_par' dir='ltr' id='par_1_5' title="bbox 253 1321 1095 2734">
     <span class='ocr_line' id='line_1_25' title="bbox 298 1321 1078 1372; baseline -0.006 -9"><span class='ocrx_word' id='word_1_152' title='bbox 298 1324 443 1363; x_wconf 88' lang='lat' dir='ltr'>Galenus</span> <span class='ocrx_word' id='word_1_153' title='bbox 454 1326 505 1361; x_wconf 77' lang='lat' dir='ltr'>Ill).</span> <span class='ocrx_word' id='word_1_154' title='bbox 520 1336 548 1370; x_wconf 83' lang='lat'>3.</span> <span class='ocrx_word' id='word_1_155' title='bbox 560 1324 592 1357; x_wconf 85' lang='lat' dir='ltr'>de</span> <span class='ocrx_word' id='word_1_156' title='bbox 603 1333 689 1369; x_wconf 83' lang='lat' dir='ltr'>comp.</span> <span class='ocrx_word' id='word_1_157' title='bbox 705 1325 777 1359; x_wconf 80' lang='lat' dir='ltr'>med.</span> <span class='ocrx_word' id='word_1_158' title='bbox 787 1321 900 1369; x_wconf 63' lang='lat' dir='ltr'>senlac.</span> <span class='ocrx_word' id='word_1_159' title='bbox 915 1334 977 1357; x_wconf 86' lang='lat' dir='ltr'><em>c.2.</em></span> <span class='ocrx_word' id='word_1_160' title='bbox 991 1322 1078 1372; x_wconf 89' lang='lat' dir='ltr'>oph-</span> 
     </span>
     <span class='ocr_line' id='line_1_26' title="bbox 253 1373 1077 1419; baseline -0.002 -10"><span class='ocrx_word' id='word_1_161' title='bbox 253 1374 424 1409; x_wconf 85' lang='lat' dir='ltr'>thalmiam</span> <span class='ocrx_word' id='word_1_162' title='bbox 436 1374 551 1410; x_wconf 82' lang='lat' dir='ltr'>definit</span> <span class='ocrx_word' id='word_1_163' title='bbox 561 1373 814 1419; x_wconf 75' lang='lat' dir='ltr'>inflammationem</span> <span class='ocrx_word' id='word_1_164' title='bbox 827 1374 924 1406; x_wconf 69' lang='lat' dir='ltr'>tunica</span> <span class='ocrx_word' id='word_1_165' title='bbox 938 1384 968 1404; x_wconf 85' lang='lat' dir='ltr'>os</span> <span class='ocrx_word' id='word_1_166' title='bbox 978 1383 1077 1417; x_wconf 78' lang='lat' dir='ltr'>capitu</span> 
     </span>
     <span class='ocr_line' id='line_1_27' title="bbox 254 1418 1079 1468; baseline -0.002 -10"><span class='ocrx_word' id='word_1_167' title='bbox 254 1426 293 1462; x_wconf 70' lang='lat' dir='ltr'>(y</span> <span class='ocrx_word' id='word_1_168' title='bbox 304 1426 460 1459; x_wconf 74' lang='lat' dir='ltr'>calvariam</span> <span class='ocrx_word' id='word_1_169' title='bbox 480 1424 639 1457; x_wconf 71' lang='lat' dir='ltr'>ambientis.</span> <span class='ocrx_word' id='word_1_170' title='bbox 660 1426 745 1468; x_wconf 82' lang='lat' dir='ltr'>Qae</span> <span class='ocrx_word' id='word_1_171' title='bbox 766 1418 918 1456; x_wconf 84' lang='lat' dir='ltr'>definitio</span> <span class='ocrx_word' id='word_1_172' title='bbox 939 1418 995 1454; x_wconf 83' lang='lat' dir='ltr'>etfi</span> <span class='ocrx_word' id='word_1_173' title='bbox 1017 1420 1079 1456; x_wconf 85' lang='lat' dir='ltr'>alia</span> 
     </span>
     <span class='ocr_line' id='line_1_28' title="bbox 257 1468 1080 1522; baseline -0.004 -15"><span class='ocrx_word' id='word_1_174' title='bbox 257 1472 408 1508; x_wconf 86' lang='lat' dir='ltr'>videatur</span> <span class='ocrx_word' id='word_1_175' title='bbox 420 1498 431 1517; x_wconf 85' lang='lat'>‚</span> <span class='ocrx_word' id='word_1_176' title='bbox 452 1473 552 1522; x_wconf 66' lang='lat' dir='ltr'>quarn</span> <span class='ocrx_word' id='word_1_177' title='bbox 576 1484 648 1519; x_wconf 82' lang='lat' dir='ltr'>quae</span> <span class='ocrx_word' id='word_1_178' title='bbox 660 1471 797 1505; x_wconf 66' lang='lat' dir='ltr'>adducta</span> <span class='ocrx_word' id='word_1_179' title='bbox 808 1468 863 1513; x_wconf 81' lang='lat' dir='ltr'>est,</span> <span class='ocrx_word' id='word_1_180' title='bbox 876 1479 983 1503; x_wconf 89' lang='lat' dir='ltr'>tamen</span> <span class='ocrx_word' id='word_1_181' title='bbox 995 1469 1080 1507; x_wconf 85' lang='lat' dir='ltr'>nihil</span> 
     </span>
     <span class='ocr_line' id='line_1_29' title="bbox 255 1516 1079 1556; baseline -0.005 0"><span class='ocrx_word' id='word_1_182' title='bbox 255 1521 297 1556; x_wconf 89' lang='lat' dir='ltr'>ab</span> <span class='ocrx_word' id='word_1_183' title='bbox 313 1534 349 1555; x_wconf 89' lang='lat' dir='ltr'>ea</span> <span class='ocrx_word' id='word_1_184' title='bbox 360 1519 466 1556; x_wconf 82' lang='lat' dir='ltr'>differt</span> <span class='ocrx_word' id='word_1_185' title='bbox 480 1536 487 1555; x_wconf 89' lang='lat'>:</span> <span class='ocrx_word' id='word_1_186' title='bbox 513 1533 587 1555; x_wconf 87' lang='lat' dir='ltr'>nam</span> <span class='ocrx_word' id='word_1_187' title='bbox 607 1521 717 1554; x_wconf 89' lang='lat' dir='ltr'>tunica</span> <span class='ocrx_word' id='word_1_188' title='bbox 737 1519 852 1554; x_wconf 86' lang='lat' dir='ltr'>adnata</span> <span class='ocrx_word' id='word_1_189' title='bbox 865 1517 976 1553; x_wconf 67' lang='lat' dir='ltr'>eadem</span> <span class='ocrx_word' id='word_1_190' title='bbox 989 1516 1032 1551; x_wconf 87' lang='lat' dir='ltr'>est</span> <span class='ocrx_word' id='word_1_191' title='bbox 1043 1531 1079 1552; x_wconf 84' lang='lat' dir='ltr'>ac</span> 
     </span>
     <span class='ocr_line' id='line_1_30' title="bbox 255 1565 1079 1618; baseline -0.005 -13"><span class='ocrx_word' id='word_1_192' title='bbox 255 1571 471 1618; x_wconf 84' lang='lat' dir='ltr'>perieranium</span> <span class='ocrx_word' id='word_1_193' title='bbox 480 1567 666 1611; x_wconf 65' lang='lat' dir='ltr'>substantia,</span> <span class='ocrx_word' id='word_1_194' title='bbox 677 1565 733 1601; x_wconf 81' lang='lat' dir='ltr'>etfi</span> <span class='ocrx_word' id='word_1_195' title='bbox 746 1580 812 1601; x_wconf 91' lang='lat' dir='ltr'>non</span> <span class='ocrx_word' id='word_1_196' title='bbox 823 1566 948 1600; x_wconf 88' lang='lat' dir='ltr'>officio:</span> <span class='ocrx_word' id='word_1_197' title='bbox 960 1568 1079 1613; x_wconf 87' lang='lat' dir='ltr'>quippe</span> 
     </span>
     <span class='ocr_line' id='line_1_31' title="bbox 258 1614 1082 1665; baseline -0.007 -11"><span class='ocrx_word' id='word_1_198' title='bbox 258 1617 314 1654; x_wconf 76' lang='lat' dir='ltr'>illa</span> <span class='ocrx_word' id='word_1_199' title='bbox 325 1618 472 1665; x_wconf 86' lang='lat' dir='ltr'>procedit</span> <span class='ocrx_word' id='word_1_200' title='bbox 484 1620 501 1653; x_wconf 70' lang='lat' dir='ltr'>a</span> <span class='ocrx_word' id='word_1_201' title='bbox 514 1619 622 1651; x_wconf 84' lang='lat' dir='ltr'>tunica</span> <span class='ocrx_word' id='word_1_202' title='bbox 632 1614 797 1663; x_wconf 80' lang='lat' dir='ltr'>palpebras</span> <span class='ocrx_word' id='word_1_203' title='bbox 815 1614 1019 1660; x_wconf 85' lang='lat' dir='ltr'>succingente</span> <span class='ocrx_word' id='word_1_204' title='bbox 1030 1627 1082 1648; x_wconf 87' lang='lat' dir='ltr'>re—</span> 
     </span>
     <span class='ocr_line' id='line_1_32' title="bbox 259 1661 1082 1710; baseline -0.006 -8"><span class='ocrx_word' id='word_1_205' title='bbox 259 1664 343 1702; x_wconf 84' lang='lat' dir='ltr'>flexa</span> <span class='ocrx_word' id='word_1_206' title='bbox 352 1667 393 1702; x_wconf 87' lang='lat' dir='ltr'>ad</span> <span class='ocrx_word' id='word_1_207' title='bbox 407 1666 481 1700; x_wconf 86' lang='lat' dir='ltr'>cilia</span> <span class='ocrx_word' id='word_1_208' title='bbox 491 1663 600 1701; x_wconf 85' lang='lat' dir='ltr'>versus</span> <span class='ocrx_word' id='word_1_209' title='bbox 613 1663 700 1698; x_wconf 91' lang='lat' dir='ltr'>oculi</span> <span class='ocrx_word' id='word_1_210' title='bbox 717 1662 868 1704; x_wconf 84' lang='lat' dir='ltr'>bulbum,</span> <span class='ocrx_word' id='word_1_211' title='bbox 879 1673 977 1710; x_wconf 90' lang='lat' dir='ltr'>quem</span> <span class='ocrx_word' id='word_1_212' title='bbox 987 1661 1082 1697; x_wconf 78' lang='lat' dir='ltr'>den—i—</span> 
     </span>
     <span class='ocr_line' id='line_1_33' title="bbox 259 1707 1083 1764; baseline -0.005 -14"><span class='ocrx_word' id='word_1_213' title='bbox 259 1728 325 1764; x_wconf 89' lang='lat' dir='ltr'>que</span> <span class='ocrx_word' id='word_1_214' title='bbox 341 1717 499 1759; x_wconf 66' lang='lat' dir='ltr'>contegit:</span> <span class='ocrx_word' id='word_1_215' title='bbox 514 1715 603 1761; x_wconf 86' lang='lat' dir='ltr'>atqui</span> <span class='ocrx_word' id='word_1_216' title='bbox 616 1710 841 1758; x_wconf 81' lang='lat' dir='ltr'>palpebrarum</span> <span class='ocrx_word' id='word_1_217' title='bbox 857 1707 1001 1758; x_wconf 87' lang='lat' dir='ltr'>superior</span> <span class='ocrx_word' id='word_1_218' title='bbox 1012 1710 1083 1746; x_wconf 91' lang='lat' dir='ltr'>suc—</span> 
     </span>
     <span class='ocr_line' id='line_1_34' title="bbox 257 1753 1084 1810; baseline -0.005 -12"><span class='ocrx_word' id='word_1_219' title='bbox 257 1753 540 1810; x_wconf 72' lang='lat' dir='ltr'>cingentemsuam</span> <span class='ocrx_word' id='word_1_220' title='bbox 553 1759 777 1795; x_wconf 85' lang='lat' dir='ltr'>membranam</span> <span class='ocrx_word' id='word_1_221' title='bbox 790 1759 808 1794; x_wconf 71' lang='lat' dir='ltr'>a</span> <span class='ocrx_word' id='word_1_222' title='bbox 820 1760 1002 1807; x_wconf 85' lang='lat' dir='ltr'>perieranio</span> <span class='ocrx_word' id='word_1_223' title='bbox 1014 1758 1084 1795; x_wconf 67' lang='lat' dir='ltr'>sor-³</span> 
     </span>
     <span class='ocr_line' id='line_1_35' title="bbox 259 1805 1083 1856; baseline -0.002 -10"><span class='ocrx_word' id='word_1_224' title='bbox 259 1814 352 1846; x_wconf 85' lang='lat' dir='ltr'>titur.</span> <span class='ocrx_word' id='word_1_225' title='bbox 367 1809 597 1845; x_wconf 88' lang='lat' dir='ltr'>Nihilominus</span> <span class='ocrx_word' id='word_1_226' title='bbox 610 1807 756 1843; x_wconf 76' lang='lat' dir='ltr'>accurate</span> <span class='ocrx_word' id='word_1_227' title='bbox 777 1820 846 1842; x_wconf 89' lang='lat' dir='ltr'>rem</span> <span class='ocrx_word' id='word_1_228' title='bbox 860 1805 1083 1856; x_wconf 88' lang='lat' dir='ltr'>persequendo</span> 
     </span>
     <span class='ocr_line' id='line_1_36' title="bbox 259 1855 1086 1906; baseline -0.002 -11"><span class='ocrx_word' id='word_1_229' title='bbox 259 1872 329 1895; x_wconf 89' lang='lat' dir='ltr'>non</span> <span class='ocrx_word' id='word_1_230' title='bbox 344 1869 415 1894; x_wconf 92' lang='lat' dir='ltr'>tota</span> <span class='ocrx_word' id='word_1_231' title='bbox 424 1859 539 1893; x_wconf 86' lang='lat' dir='ltr'>adnata</span> <span class='ocrx_word' id='word_1_232' title='bbox 549 1858 730 1906; x_wconf 86' lang='lat' dir='ltr'>perieranio</span> <span class='ocrx_word' id='word_1_233' title='bbox 750 1867 862 1891; x_wconf 90' lang='lat' dir='ltr'>ortum</span> <span class='ocrx_word' id='word_1_234' title='bbox 870 1855 962 1891; x_wconf 90' lang='lat' dir='ltr'>suum</span> <span class='ocrx_word' id='word_1_235' title='bbox 974 1856 1086 1900; x_wconf 82' lang='lat' dir='ltr'>debet;</span> 
     </span>
     <span class='ocr_line' id='line_1_37' title="bbox 263 1903 1086 1957; baseline -0.004 -14"><span class='ocrx_word' id='word_1_236' title='bbox 263 1910 342 1957; x_wconf 89' lang='lat' dir='ltr'>quia</span> <span class='ocrx_word' id='word_1_237' title='bbox 363 1908 380 1943; x_wconf 74' lang='grc' dir='ltr'>ὲ</span> <span class='ocrx_word' id='word_1_238' title='bbox 402 1906 575 1955; x_wconf 88' lang='lat' dir='ltr'>superioris</span> <span class='ocrx_word' id='word_1_239' title='bbox 594 1904 752 1954; x_wconf 67' lang='lat' dir='ltr'>palpebrae</span> <span class='ocrx_word' id='word_1_240' title='bbox 764 1904 951 1941; x_wconf 84' lang='lat' dir='ltr'>membrana</span> <span class='ocrx_word' id='word_1_241' title='bbox 961 1903 1086 1941; x_wconf 88' lang='lat' dir='ltr'>succin-</span> 
     </span>
     <span class='ocr_line' id='line_1_38' title="bbox 261 1952 1082 2005; baseline 0 -14"><span class='ocrx_word' id='word_1_242' title='bbox 261 1968 358 2005; x_wconf 82' lang='lat' dir='ltr'>gente</span> <span class='ocrx_word' id='word_1_243' title='bbox 371 1969 437 1991; x_wconf 90' lang='lat' dir='ltr'>non</span> <span class='ocrx_word' id='word_1_244' title='bbox 448 1954 577 1991; x_wconf 71' lang='lat' dir='ltr'>tant-sim</span> <span class='ocrx_word' id='word_1_245' title='bbox 588 1952 725 1990; x_wconf 87' lang='lat' dir='ltr'>nascitur</span> <span class='ocrx_word' id='word_1_246' title='bbox 737 1955 852 1989; x_wconf 88' lang='lat' dir='ltr'>adnata</span> <span class='ocrx_word' id='word_1_247' title='bbox 866 1980 878 1999; x_wconf 83' lang='grc'>,</span> <span class='ocrx_word' id='word_1_248' title='bbox 890 1952 943 1989; x_wconf 91' lang='lat' dir='ltr'>sed</span> <span class='ocrx_word' id='word_1_249' title='bbox 954 1956 1052 1990; x_wconf 88' lang='lat' dir='ltr'>etiam</span> <span class='ocrx_word' id='word_1_250' title='bbox 1063 1957 1082 1991; x_wconf 66' lang='lat' dir='ltr'>a</span> 
     </span>
     <span class='ocr_line' id='line_1_39' title="bbox 263 2001 1088 2054; baseline -0.001 -14"><span class='ocrx_word' id='word_1_251' title='bbox 263 2004 451 2041; x_wconf 80' lang='lat' dir='ltr'>membrana</span> <span class='ocrx_word' id='word_1_252' title='bbox 460 2001 663 2051; x_wconf 84' lang='lat' dir='ltr'>succingente</span> <span class='ocrx_word' id='word_1_253' title='bbox 683 2002 870 2054; x_wconf 80' lang='lat' dir='ltr'>palpebram</span> <span class='ocrx_word' id='word_1_254' title='bbox 884 2001 1088 2046; x_wconf 82' lang='lat' dir='ltr'>inferiorem3-</span> 
     </span>
     <span class='ocr_line' id='line_1_40' title="bbox 264 2050 1087 2100; baseline 0.001 -13"><span class='ocrx_word' id='word_1_255' title='bbox 264 2053 335 2088; x_wconf 83' lang='lat' dir='ltr'>haec</span> <span class='ocrx_word' id='word_1_256' title='bbox 353 2063 463 2087; x_wconf 90' lang='lat' dir='ltr'>autem</span> <span class='ocrx_word' id='word_1_257' title='bbox 486 2066 552 2087; x_wconf 91' lang='lat' dir='ltr'>non</span> <span class='ocrx_word' id='word_1_258' title='bbox 578 2055 595 2087; x_wconf 74' lang='lat' dir='ltr'>a</span> <span class='ocrx_word' id='word_1_259' title='bbox 615 2054 816 2100; x_wconf 62' lang='lat' dir='ltr'>pefflranio,</span> <span class='ocrx_word' id='word_1_260' title='bbox 837 2050 889 2087; x_wconf 88' lang='lat' dir='ltr'>sed</span> <span class='ocrx_word' id='word_1_261' title='bbox 901 2053 919 2088; x_wconf 74' lang='grc' dir='ltr'>ὲ</span> <span class='ocrx_word' id='word_1_262' title='bbox 930 2052 1087 2099; x_wconf 86' lang='lat' dir='ltr'>periostio</span> 
     </span>
     <span class='ocr_line' id='line_1_41' title="bbox 264 2099 1088 2150; baseline 0.001 -14"><span class='ocrx_word' id='word_1_263' title='bbox 264 2099 407 2137; x_wconf 82' lang='lat' dir='ltr'>maxillae</span> <span class='ocrx_word' id='word_1_264' title='bbox 415 2101 585 2148; x_wconf 85' lang='lat' dir='ltr'>superioris</span> <span class='ocrx_word' id='word_1_265' title='bbox 596 2102 757 2146; x_wconf 86' lang='lat' dir='ltr'>originem</span> <span class='ocrx_word' id='word_1_266' title='bbox 779 2100 889 2136; x_wconf 89' lang='lat' dir='ltr'>habet.</span> <span class='ocrx_word' id='word_1_267' title='bbox 902 2102 1005 2150; x_wconf 74' lang='lat' dir='ltr'>Qd</span> <span class='ocrx_word' id='word_1_268' title='bbox 1016 2102 1088 2137; x_wconf 83' lang='lat' dir='ltr'>for-</span> 
     </span>
     <span class='ocr_line' id='line_1_42' title="bbox 267 2148 1087 2195; baseline 0.002 -11"><span class='ocrx_word' id='word_1_269' title='bbox 267 2150 352 2186; x_wconf 82' lang='lat' dir='ltr'>taffis</span> <span class='ocrx_word' id='word_1_270' title='bbox 362 2148 508 2185; x_wconf 87' lang='lat' dir='ltr'>Galenus</span> <span class='ocrx_word' id='word_1_271' title='bbox 520 2149 575 2184; x_wconf 70' lang='lat' dir='ltr'>nb.</span> <span class='ocrx_word' id='word_1_272' title='bbox 597 2160 652 2185; x_wconf 63' lang='grc' dir='ltr'>ιο.Δ</span> <span class='ocrx_word' id='word_1_273' title='bbox 670 2151 703 2183; x_wconf 84' lang='lat' dir='ltr'>de</span> <span class='ocrx_word' id='word_1_274' title='bbox 714 2149 761 2195; x_wconf 83' lang='lat' dir='ltr'>off.</span> <span class='ocrx_word' id='word_1_275' title='bbox 769 2159 847 2194; x_wconf 82' lang='lat' dir='ltr'>part.</span> <span class='ocrx_word' id='word_1_276' title='bbox 862 2160 923 2195; x_wconf 85' lang='lat' dir='ltr'>cap.</span> <span class='ocrx_word' id='word_1_277' title='bbox 940 2163 970 2184; x_wconf 89' lang='lat'>2.</span> <span class='ocrx_word' id='word_1_278' title='bbox 982 2150 1087 2186; x_wconf 45' lang='lat' dir='ltr'>confi—⁷</span> 
     </span>
     <span class='ocr_line' id='line_1_43' title="bbox 266 2196 1085 2246; baseline 0.001 -13"><span class='ocrx_word' id='word_1_279' title='bbox 266 2197 402 2242; x_wconf 76' lang='lat' dir='ltr'>demns,</span> <span class='ocrx_word' id='word_1_280' title='bbox 423 2197 573 2233; x_wconf 86' lang='lat' dir='ltr'>adnatam</span> <span class='ocrx_word' id='word_1_281' title='bbox 596 2196 771 2245; x_wconf 80' lang='lat' dir='ltr'>procedere</span> <span class='ocrx_word' id='word_1_282' title='bbox 791 2198 904 2233; x_wconf 72' lang='lat' dir='ltr'>dixita</span> <span class='ocrx_word' id='word_1_283' title='bbox 916 2199 1085 2246; x_wconf 78' lang='lat' dir='ltr'>periostio:</span> 
     </span>
     <span class='ocr_line' id='line_1_44' title="bbox 266 2245 1089 2296; baseline 0.002 -16"><span class='ocrx_word' id='word_1_284' title='bbox 266 2246 303 2281; x_wconf 93' lang='lat' dir='ltr'>id</span> <span class='ocrx_word' id='word_1_285' title='bbox 315 2246 408 2296; x_wconf 89' lang='lat' dir='ltr'>quod</span> <span class='ocrx_word' id='word_1_286' title='bbox 420 2259 534 2282; x_wconf 90' lang='lat' dir='ltr'>verum</span> <span class='ocrx_word' id='word_1_287' title='bbox 545 2245 668 2289; x_wconf 89' lang='lat' dir='ltr'>est,sive</span> <span class='ocrx_word' id='word_1_288' title='bbox 679 2247 875 2294; x_wconf 81' lang='lat' dir='ltr'>principium</span> <span class='ocrx_word' id='word_1_289' title='bbox 885 2245 953 2292; x_wconf 82' lang='lat' dir='ltr'>ejus</span> <span class='ocrx_word' id='word_1_290' title='bbox 967 2245 1089 2294; x_wconf 65' lang='lat' dir='ltr'>specte-1</span> 
     </span>
     <span class='ocr_line' id='line_1_45' title="bbox 268 2293 1090 2343; baseline 0.001 -14"><span class='ocrx_word' id='word_1_291' title='bbox 268 2308 341 2330; x_wconf 88' lang='lat' dir='ltr'>mus</span> <span class='ocrx_word' id='word_1_292' title='bbox 360 2296 378 2330; x_wconf 74' lang='lat' dir='ltr'>a</span> <span class='ocrx_word' id='word_1_293' title='bbox 403 2294 557 2343; x_wconf 84' lang='lat' dir='ltr'>palpebra</span> <span class='ocrx_word' id='word_1_294' title='bbox 578 2293 739 2343; x_wconf 89' lang='lat' dir='ltr'>superiore</span> <span class='ocrx_word' id='word_1_295' title='bbox 750 2319 761 2338; x_wconf 88' lang='lat'>‚</span> <span class='ocrx_word' id='word_1_296' title='bbox 782 2294 848 2329; x_wconf 89' lang='lat' dir='ltr'>five</span> <span class='ocrx_word' id='word_1_297' title='bbox 867 2294 907 2329; x_wconf 82' lang='lat' dir='ltr'>ab</span> <span class='ocrx_word' id='word_1_298' title='bbox 918 2294 1090 2330; x_wconf 44' lang='lat' dir='ltr'>inferiores</span> 
     </span>
     <span class='ocr_line' id='line_1_46' title="bbox 268 2341 1089 2390; baseline 0 -12"><span class='ocrx_word' id='word_1_299' title='bbox 268 2345 356 2378; x_wconf 88' lang='lat' dir='ltr'>Hinc</span> <span class='ocrx_word' id='word_1_300' title='bbox 370 2346 457 2379; x_wconf 90' lang='lat' dir='ltr'>ratio</span> <span class='ocrx_word' id='word_1_301' title='bbox 478 2342 646 2390; x_wconf 86' lang='lat' dir='ltr'>colligitur</span> <span class='ocrx_word' id='word_1_302' title='bbox 658 2368 669 2388; x_wconf 88' lang='lat'>‚</span> <span class='ocrx_word' id='word_1_303' title='bbox 690 2355 747 2379; x_wconf 83' lang='lat' dir='ltr'>cui·</span> <span class='ocrx_word' id='word_1_304' title='bbox 767 2341 972 2380; x_wconf 87' lang='lat' dir='ltr'>inflammatis</span> <span class='ocrx_word' id='word_1_305' title='bbox 983 2343 1089 2379; x_wconf 90' lang='lat' dir='ltr'>oculis</span> 
     </span>
     <span class='ocr_line' id='line_1_47' title="bbox 268 2390 1090 2441; baseline 0.001 -15"><span class='ocrx_word' id='word_1_306' title='bbox 268 2401 378 2428; x_wconf 89' lang='lat' dir='ltr'>tantus</span> <span class='ocrx_word' id='word_1_307' title='bbox 388 2391 468 2428; x_wconf 86' lang='lat' dir='ltr'>adfit</span> <span class='ocrx_word' id='word_1_308' title='bbox 479 2390 582 2428; x_wconf 89' lang='lat' dir='ltr'>sensus</span> <span class='ocrx_word' id='word_1_309' title='bbox 592 2391 700 2427; x_wconf 86' lang='lat' dir='ltr'>tristis.</span> <span class='ocrx_word' id='word_1_310' title='bbox 722 2391 916 2427; x_wconf 83' lang='lat' dir='ltr'>Membrana</span> <span class='ocrx_word' id='word_1_311' title='bbox 934 2394 1021 2427; x_wconf 87' lang='lat' dir='ltr'>enim</span> <span class='ocrx_word' id='word_1_312' title='bbox 1033 2405 1090 2441; x_wconf 72' lang='lat' dir='ltr'>pe-</span> 
     </span>
     <span class='ocr_line' id='line_1_48' title="bbox 269 2439 1094 2488; baseline 0.004 -14"><span class='ocrx_word' id='word_1_313' title='bbox 269 2441 443 2476; x_wconf 88' lang='lat' dir='ltr'>ricranium</span> <span class='ocrx_word' id='word_1_314' title='bbox 456 2445 488 2476; x_wconf 67' lang='grc' dir='ltr'>ὅ(</span> <span class='ocrx_word' id='word_1_315' title='bbox 501 2440 688 2488; x_wconf 88' lang='lat' dir='ltr'>periostium</span> <span class='ocrx_word' id='word_1_316' title='bbox 699 2442 782 2474; x_wconf 88' lang='lat' dir='ltr'>acuti</span> <span class='ocrx_word' id='word_1_317' title='bbox 792 2439 863 2475; x_wconf 90' lang='lat' dir='ltr'>sunt</span> <span class='ocrx_word' id='word_1_318' title='bbox 873 2439 1094 2477; x_wconf 46' lang='lat' dir='ltr'>sensuslnde:</span> 
     </span>
     <span class='ocr_line' id='line_1_49' title="bbox 271 2488 1091 2539; baseline 0.001 -15"><span class='ocrx_word' id='word_1_319' title='bbox 271 2488 335 2537; x_wconf 73' lang='lat' dir='ltr'>(lue</span> <span class='ocrx_word' id='word_1_320' title='bbox 349 2516 361 2535; x_wconf 85' lang='lat'>‚</span> <span class='ocrx_word' id='word_1_321' title='bbox 379 2489 422 2525; x_wconf 88' lang='lat' dir='ltr'>est</span> <span class='ocrx_word' id='word_1_322' title='bbox 432 2489 525 2539; x_wconf 79' lang='lat' dir='ltr'>quod</span> <span class='ocrx_word' id='word_1_323' title='bbox 535 2491 748 2536; x_wconf 83' lang='lat' dir='ltr'>Hippocrates</span> <span class='ocrx_word' id='word_1_324' title='bbox 759 2493 791 2523; x_wconf 87' lang='lat'>&amp;</span> <span class='ocrx_word' id='word_1_325' title='bbox 804 2489 950 2525; x_wconf 91' lang='lat' dir='ltr'>Galenus</span> <span class='ocrx_word' id='word_1_326' title='bbox 959 2490 1091 2538; x_wconf 71' lang='lat' dir='ltr'>opthal—</span> 
     </span>
     <span class='ocr_line' id='line_1_50' title="bbox 273 2538 1092 2587; baseline 0.001 -16"><span class='ocrx_word' id='word_1_327' title='bbox 273 2540 371 2574; x_wconf 84' lang='lat' dir='ltr'>miam</span> <span class='ocrx_word' id='word_1_328' title='bbox 390 2538 469 2587; x_wconf 68' lang='lat' dir='ltr'>saepe</span> <span class='ocrx_word' id='word_1_329' title='bbox 491 2538 641 2573; x_wconf 68' lang='lat' dir='ltr'>vocarint</span> <span class='ocrx_word' id='word_1_330' title='bbox 652 2539 775 2572; x_wconf 81' lang='lat' dir='ltr'>dolorem</span> <span class='ocrx_word' id='word_1_331' title='bbox 784 2541 936 2575; x_wconf 81' lang='lat' dir='ltr'>oculorum.</span> <span class='ocrx_word' id='word_1_332' title='bbox 950 2541 995 2574; x_wconf 90' lang='lat' dir='ltr'>Et</span> <span class='ocrx_word' id='word_1_333' title='bbox 1006 2540 1092 2586; x_wconf 93' lang='lat' dir='ltr'>Hip-</span> 
     </span>
     <span class='ocr_line' id='line_1_51' title="bbox 272 2584 1092 2635; baseline 0.005 -16"><span class='ocrx_word' id='word_1_334' title='bbox 272 2589 397 2631; x_wconf 87' lang='lat' dir='ltr'>pocrati</span> <span class='ocrx_word' id='word_1_335' title='bbox 407 2587 541 2635; x_wconf 86' lang='lat' dir='ltr'>quidem</span> <span class='ocrx_word' id='word_1_336' title='bbox 553 2584 710 2622; x_wconf 87' lang='lat' dir='ltr'>familiare</span> <span class='ocrx_word' id='word_1_337' title='bbox 720 2585 763 2621; x_wconf 87' lang='lat' dir='ltr'>est</span> <span class='ocrx_word' id='word_1_338' title='bbox 777 2612 788 2630; x_wconf 91' lang='lat'>‚</span> <span class='ocrx_word' id='word_1_339' title='bbox 797 2587 829 2620; x_wconf 90' lang='lat' dir='ltr'>in</span> <span class='ocrx_word' id='word_1_340' title='bbox 840 2586 984 2634; x_wconf 88' lang='lat' dir='ltr'>partibus</span> <span class='ocrx_word' id='word_1_341' title='bbox 996 2586 1092 2623; x_wconf 89' lang='lat' dir='ltr'>valde</span> 
     </span>
     <span class='ocr_line' id='line_1_52' title="bbox 272 2631 1095 2683; baseline 0.004 -15"><span class='ocrx_word' id='word_1_342' title='bbox 272 2631 480 2671; x_wconf 84' lang='lat' dir='ltr'>sentientibus</span> <span class='ocrx_word' id='word_1_343' title='bbox 503 2648 559 2683; x_wconf 82' lang='lat' dir='ltr'>per</span> <span class='ocrx_word' id='word_1_344' title='bbox 579 2638 700 2670; x_wconf 83' lang='lat' dir='ltr'>dolorem</span> <span class='ocrx_word' id='word_1_345' title='bbox 720 2633 900 2683; x_wconf 83' lang='lat' dir='ltr'>intelligere</span> <span class='ocrx_word' id='word_1_346' title='bbox 912 2632 1095 2671; x_wconf 85' lang='lat' dir='ltr'>inflamma·</span> 
     </span>
     <span class='ocr_line' id='line_1_53' title="bbox 273 2683 1093 2734; baseline 0.009 -21"><span class='ocrx_word' id='word_1_347' title='bbox 273 2683 418 2727; x_wconf 76' lang='lat' dir='ltr'>tionem3</span> <span class='ocrx_word' id='word_1_348' title='bbox 439 2687 486 2720; x_wconf 87' lang='lat' dir='ltr'>uti</span> <span class='ocrx_word' id='word_1_349' title='bbox 499 2687 533 2720; x_wconf 88' lang='lat' dir='ltr'>in</span> <span class='ocrx_word' id='word_1_350' title='bbox 545 2683 689 2731; x_wconf 76' lang='lat' dir='ltr'>Prognost.</span> <span class='ocrx_word' id='word_1_351' title='bbox 709 2697 766 2732; x_wconf 85' lang='lat' dir='ltr'>per</span> <span class='ocrx_word' id='word_1_352' title='bbox 776 2685 897 2721; x_wconf 81' lang='lat' dir='ltr'>dolorem</span> <span class='ocrx_word' id='word_1_353' title='bbox 910 2685 992 2720; x_wconf 86' lang='lat' dir='ltr'>auris</span> <span class='ocrx_word' id='word_1_354' title='bbox 1006 2698 1093 2734; x_wconf 89' lang='lat' dir='ltr'>quo-</span> 
     </span>
    </p>
   </div>
   <div class='ocr_carea' id='block_1_2' title="bbox 276 2741 754 2897">
    <p class='ocr_par' dir='ltr' id='par_1_6' title="bbox 276 2741 754 2897">
     <span class='ocr_line' id='line_1_54' title="bbox 276 2741 350 2776; baseline 0.014 -14"><span class='ocrx_word' id='word_1_355' title='bbox 276 2741 350 2776; x_wconf 76' lang='lat' dir='ltr'>que.</span> 
     </span>
     <span class='ocr_line' id='line_1_55' title="bbox 621 2833 754 2897; baseline -0.023 -18"><span class='ocrx_word' id='word_1_356' title='bbox 621 2833 754 2897; x_wconf 80' lang='lat' dir='ltr'>Causae.</span> 
     </span>
    </p>
   </div>
   <div class='ocr_carea' id='block_1_3' title="bbox 280 2920 1097 3074">
    <p class='ocr_par' dir='ltr' id='par_1_7' title="bbox 280 2920 1097 3074">
     <span class='ocr_line' id='line_1_56' title="bbox 333 2920 1097 2970; baseline 0.01 -12"><span class='ocrx_word' id='word_1_357' title='bbox 333 2920 548 2970; x_wconf 84' lang='lat' dir='ltr'>Ophthalmia</span> <span class='ocrx_word' id='word_1_358' title='bbox 569 2936 628 2970; x_wconf 87' lang='lat' dir='ltr'>pro</span> <span class='ocrx_word' id='word_1_359' title='bbox 650 2925 740 2962; x_wconf 82' lang='lat' dir='ltr'>causa</span> <span class='ocrx_word' id='word_1_360' title='bbox 752 2926 1097 2967; x_wconf 75' lang='lat' dir='ltr'>antecedente&amp;con-</span> 
     </span>
     <span class='ocr_line' id='line_1_57' title="bbox 280 2970 1092 3019; baseline 0.012 -14"><span class='ocrx_word' id='word_1_361' title='bbox 280 2971 404 3005; x_wconf 85' lang='lat' dir='ltr'>tinente</span> <span class='ocrx_word' id='word_1_362' title='bbox 423 2985 493 3006; x_wconf 86' lang='lat' dir='ltr'>eam</span> <span class='ocrx_word' id='word_1_363' title='bbox 514 2970 631 3014; x_wconf 83' lang='lat' dir='ltr'>habet,</span> <span class='ocrx_word' id='word_1_364' title='bbox 656 2986 755 3019; x_wconf 83' lang='lat' dir='ltr'>quam</span> <span class='ocrx_word' id='word_1_365' title='bbox 776 2986 899 3012; x_wconf 81' lang='lat' dir='ltr'>caeterae</span> <span class='ocrx_word' id='word_1_366' title='bbox 913 2976 1092 3015; x_wconf 78' lang='lat' dir='ltr'>inflamma-</span> 
     </span>
     <span class='ocr_line' id='line_1_58' title="bbox 281 3017 1097 3074; baseline 0.013 -22"><span class='ocrx_word' id='word_1_367' title='bbox 281 3021 408 3066; x_wconf 84' lang='lat' dir='ltr'>tiones,</span> <span class='ocrx_word' id='word_1_368' title='bbox 428 3018 611 3067; x_wconf 80' lang='lat' dir='ltr'>sanguinem</span> <span class='ocrx_word' id='word_1_369' title='bbox 647 3017 766 3056; x_wconf 86' lang='lat' dir='ltr'>scilicet</span> <span class='ocrx_word' id='word_1_370' title='bbox 794 3024 847 3058; x_wconf 84' lang='lat' dir='ltr'>vel</span> <span class='ocrx_word' id='word_1_371' title='bbox 876 3038 1019 3074; x_wconf 77' lang='lat' dir='ltr'>purum,</span> <span class='ocrx_word' id='word_1_372' title='bbox 1044 3026 1097 3063; x_wconf 88' lang='lat' dir='ltr'>vel</span> 
     </span>
    </p>
   </div>
   <div class='ocr_carea' id='block_1_4' title="bbox 280 3065 1096 3125">
    <p class='ocr_par' dir='ltr' id='par_1_8' title="bbox 280 3065 1096 3125">
     <span class='ocr_line' id='line_1_59' title="bbox 280 3065 1096 3125; baseline 0.013 -24"><span class='ocrx_word' id='word_1_373' title='bbox 280 3065 430 3116; x_wconf 76' lang='lat' dir='ltr'>quolibet</span> <span class='ocrx_word' id='word_1_374' title='bbox 450 3067 515 3104; x_wconf 85' lang='lat' dir='ltr'>alio</span> <span class='ocrx_word' id='word_1_375' title='bbox 535 3066 671 3104; x_wconf 84' lang='lat' dir='ltr'>humore</span> <span class='ocrx_word' id='word_1_376' title='bbox 682 3071 878 3115; x_wconf 77' lang='lat' dir='ltr'>permistum.</span> <span class='ocrx_word' id='word_1_377' title='bbox 900 3074 992 3111; x_wconf 73' lang='lat' dir='ltr'>Male</span> <span class='ocrx_word' id='word_1_378' title='bbox 1016 3075 1096 3125; x_wconf 77' lang='lat' dir='ltr'>ergo</span> 
     </span>
    </p>
   </div>
   <div class='ocr_carea' id='block_1_5' title="bbox 607 142 1687 183">
    <p class='ocr_par' dir='ltr' id='par_1_9' title="bbox 607 142 1687 183">
     <span class='ocr_line' id='line_1_60' title="bbox 607 142 1687 183; baseline -0.003 -1"><span class='ocrx_word' id='word_1_379' title='bbox 607 143 772 183; x_wconf 65' lang='lat' dir='ltr'><strong>VOP‘.</strong></span> <span class='ocrx_word' id='word_1_380' title='bbox 818 143 1299 180; x_wconf 80' lang='lat' dir='ltr'>FORTVNATI</span> <span class='ocrx_word' id='word_1_381' title='bbox 1355 142 1687 179; x_wconf 84' lang='lat' dir='ltr'>PLEMPII</span> 
     </span>
    </p>
   </div>
   <div class='ocr_carea' id='block_1_6' title="bbox 1122 200 1990 2254">
    <p class='ocr_par' dir='ltr' id='par_1_10' title="bbox 1122 200 1955 388">
     <span class='ocr_line' id='line_1_61' title="bbox 1124 200 1955 254; baseline 0.008 -18"><span class='ocrx_word' id='word_1_382' title='bbox 1124 201 1225 251; x_wconf 85' lang='lat' dir='ltr'>aliqui</span> <span class='ocrx_word' id='word_1_383' title='bbox 1236 200 1350 240; x_wconf 90' lang='lat' dir='ltr'>flatum</span> <span class='ocrx_word' id='word_1_384' title='bbox 1361 218 1422 254; x_wconf 89' lang='lat' dir='ltr'>pro</span> <span class='ocrx_word' id='word_1_385' title='bbox 1435 203 1523 240; x_wconf 87' lang='lat' dir='ltr'>causa</span> <span class='ocrx_word' id='word_1_386' title='bbox 1533 202 1719 241; x_wconf 83' lang='lat' dir='ltr'>continente</span> <span class='ocrx_word' id='word_1_387' title='bbox 1727 204 1824 241; x_wconf 83' lang='lat' dir='ltr'>etiam</span> <span class='ocrx_word' id='word_1_388' title='bbox 1834 200 1940 246; x_wconf 67' lang='lat' dir='ltr'>:icldu2</span> <span class='ocrx_word' id='word_1_389' title='bbox 1951 209 1955 213; x_wconf 76' lang='grc'><strong>’</strong></span> 
     </span>
     <span class='ocr_line' id='line_1_62' title="bbox 1122 251 1940 302; baseline 0.001 -16"><span class='ocrx_word' id='word_1_390' title='bbox 1122 262 1212 286; x_wconf 88' lang='lat' dir='ltr'>cunt:</span> <span class='ocrx_word' id='word_1_391' title='bbox 1228 254 1332 300; x_wconf 85' lang='lat' dir='ltr'>potest</span> <span class='ocrx_word' id='word_1_392' title='bbox 1342 255 1429 289; x_wconf 89' lang='lat' dir='ltr'>enim</span> <span class='ocrx_word' id='word_1_393' title='bbox 1441 255 1466 289; x_wconf 86' lang='lat' dir='ltr'>is</span> <span class='ocrx_word' id='word_1_394' title='bbox 1478 253 1612 302; x_wconf 86' lang='lat' dir='ltr'>quidem</span> <span class='ocrx_word' id='word_1_395' title='bbox 1624 253 1669 289; x_wconf 90' lang='lat' dir='ltr'>ob</span> <span class='ocrx_word' id='word_1_396' title='bbox 1680 251 1858 290; x_wconf 81' lang='lat' dir='ltr'>tenfionem</span> <span class='ocrx_word' id='word_1_397' title='bbox 1877 254 1940 290; x_wconf 84' lang='lat' dir='ltr'>do-</span> 
     </span>
     <span class='ocr_line' id='line_1_63' title="bbox 1124 298 1940 348; baseline 0.007 -15"><span class='ocrx_word' id='word_1_398' title='bbox 1124 298 1228 334; x_wconf 86' lang='lat' dir='ltr'>lorem</span> <span class='ocrx_word' id='word_1_399' title='bbox 1242 301 1371 346; x_wconf 81' lang='lat' dir='ltr'>inferre,</span> <span class='ocrx_word' id='word_1_400' title='bbox 1385 308 1416 337; x_wconf 85' lang='lat'>&amp;</span> <span class='ocrx_word' id='word_1_401' title='bbox 1428 300 1469 338; x_wconf 87' lang='lat' dir='ltr'>s1c</span> <span class='ocrx_word' id='word_1_402' title='bbox 1480 299 1570 336; x_wconf 83' lang='lat' dir='ltr'>causa</span> <span class='ocrx_word' id='word_1_403' title='bbox 1579 301 1636 337; x_wconf 80' lang='lat' dir='ltr'>effe</span> <span class='ocrx_word' id='word_1_404' title='bbox 1658 304 1845 338; x_wconf 86' lang='lat' dir='ltr'>antecedens</span> <span class='ocrx_word' id='word_1_405' title='bbox 1854 328 1865 348; x_wconf 92' lang='lat'>‚</span> <span class='ocrx_word' id='word_1_406' title='bbox 1886 302 1940 341; x_wconf 83' lang='lat' dir='ltr'>sed</span> 
     </span>
     <span class='ocr_line' id='line_1_64' title="bbox 1124 347 1880 388; baseline 0.009 -7"><span class='ocrx_word' id='word_1_407' title='bbox 1124 361 1192 382; x_wconf 91' lang='lat' dir='ltr'>non</span> <span class='ocrx_word' id='word_1_408' title='bbox 1203 347 1494 387; x_wconf 83' lang='lat' dir='ltr'>inflammationem</span> <span class='ocrx_word' id='word_1_409' title='bbox 1504 351 1576 384; x_wconf 59' lang='lat' dir='ltr'>aetu</span> <span class='ocrx_word' id='word_1_410' title='bbox 1586 348 1639 386; x_wconf 88' lang='lat' dir='ltr'>seu</span> <span class='ocrx_word' id='word_1_411' title='bbox 1648 350 1732 386; x_wconf 88' lang='lat' dir='ltr'>solus</span> <span class='ocrx_word' id='word_1_412' title='bbox 1743 352 1880 388; x_wconf 84' lang='lat' dir='ltr'>efficere.</span> 
     </span>
    </p>

    <p class='ocr_par' dir='ltr' id='par_1_11' title="bbox 1125 398 1946 690">
     <span class='ocr_line' id='line_1_65' title="bbox 1175 398 1942 448; baseline 0.007 -18"><span class='ocrx_word' id='word_1_413' title='bbox 1175 398 1320 434; x_wconf 78' lang='lat' dir='ltr'>&#39;I&#39;araxin</span> <span class='ocrx_word' id='word_1_414' title='bbox 1333 400 1478 448; x_wconf 88' lang='lat' dir='ltr'>plerique</span> <span class='ocrx_word' id='word_1_415' title='bbox 1489 412 1531 434; x_wconf 85' lang='lat' dir='ltr'>ex</span> <span class='ocrx_word' id='word_1_416' title='bbox 1546 398 1648 434; x_wconf 88' lang='lat' dir='ltr'>Paulo</span> <span class='ocrx_word' id='word_1_417' title='bbox 1660 401 1809 447; x_wconf 86' lang='lat' dir='ltr'>AEgineta</span> <span class='ocrx_word' id='word_1_418' title='bbox 1820 401 1837 435; x_wconf 75' lang='grc' dir='ltr'>ἒι</span> <span class='ocrx_word' id='word_1_419' title='bbox 1851 399 1942 435; x_wconf 86' lang='lat' dir='ltr'>causa.</span> 
     </span>
     <span class='ocr_line' id='line_1_66' title="bbox 1126 445 1942 493; baseline 0.006 -15"><span class='ocrx_word' id='word_1_420' title='bbox 1126 445 1291 482; x_wconf 84' lang='lat' dir='ltr'>manifesta</span> <span class='ocrx_word' id='word_1_421' title='bbox 1312 448 1441 484; x_wconf 73' lang='lat' dir='ltr'>tantum</span> <span class='ocrx_word' id='word_1_422' title='bbox 1463 449 1543 483; x_wconf 87' lang='lat' dir='ltr'>oriri</span> <span class='ocrx_word' id='word_1_423' title='bbox 1562 448 1694 483; x_wconf 87' lang='lat' dir='ltr'>tradunt</span> <span class='ocrx_word' id='word_1_424' title='bbox 1715 473 1726 492; x_wconf 67' lang='lat'>7</span> <span class='ocrx_word' id='word_1_425' title='bbox 1751 459 1786 483; x_wconf 89' lang='lat' dir='ltr'>ut</span> <span class='ocrx_word' id='word_1_426' title='bbox 1808 449 1827 484; x_wconf 71' lang='lat' dir='ltr'>a</span> <span class='ocrx_word' id='word_1_427' title='bbox 1852 447 1942 493; x_wconf 68' lang='lat' dir='ltr'>Sole,</span> 
     </span>
     <span class='ocr_line' id='line_1_67' title="bbox 1125 492 1944 544; baseline 0.006 -17"><span class='ocrx_word' id='word_1_428' title='bbox 1125 492 1231 539; x_wconf 83' lang='lat' dir='ltr'>fumo,</span> <span class='ocrx_word' id='word_1_429' title='bbox 1244 496 1377 543; x_wconf 84' lang='lat' dir='ltr'>pulvere</span> <span class='ocrx_word' id='word_1_430' title='bbox 1390 525 1400 542; x_wconf 81' lang='grc'>,</span> <span class='ocrx_word' id='word_1_431' title='bbox 1424 509 1536 532; x_wconf 88' lang='lat' dir='ltr'>vento.</span> <span class='ocrx_word' id='word_1_432' title='bbox 1558 497 1621 531; x_wconf 90' lang='lat' dir='ltr'>Sed</span> <span class='ocrx_word' id='word_1_433' title='bbox 1634 497 1718 531; x_wconf 87' lang='lat' dir='ltr'>ratio</span> <span class='ocrx_word' id='word_1_434' title='bbox 1730 500 1761 532; x_wconf 89' lang='lat'>&amp;</span> <span class='ocrx_word' id='word_1_435' title='bbox 1774 499 1944 544; x_wconf 84' lang='lat' dir='ltr'>experien-</span> 
     </span>
     <span class='ocr_line' id='line_1_68' title="bbox 1125 542 1944 594; baseline 0.005 -18"><span class='ocrx_word' id='word_1_436' title='bbox 1125 542 1171 577; x_wconf 84' lang='lat' dir='ltr'>tia</span> <span class='ocrx_word' id='word_1_437' title='bbox 1190 546 1356 580; x_wconf 89' lang='lat' dir='ltr'>convincit</span> <span class='ocrx_word' id='word_1_438' title='bbox 1370 572 1380 588; x_wconf 93' lang='lat'><strong><em>,</em></strong></span> <span class='ocrx_word' id='word_1_439' title='bbox 1392 544 1432 582; x_wconf 83' lang='lat' dir='ltr'>ab</span> <span class='ocrx_word' id='word_1_440' title='bbox 1459 549 1584 581; x_wconf 90' lang='lat' dir='ltr'>interna</span> <span class='ocrx_word' id='word_1_441' title='bbox 1603 557 1737 594; x_wconf 88' lang='lat' dir='ltr'>quoque</span> <span class='ocrx_word' id='word_1_442' title='bbox 1756 544 1846 580; x_wconf 78' lang='lat' dir='ltr'>causa</span> <span class='ocrx_word' id='word_1_443' title='bbox 1875 558 1944 580; x_wconf 87' lang='lat' dir='ltr'>non</span> 
     </span>
     <span class='ocr_line' id='line_1_69' title="bbox 1125 591 1946 644; baseline 0.007 -20"><span class='ocrx_word' id='word_1_444' title='bbox 1125 592 1198 627; x_wconf 78' lang='lat' dir='ltr'>raro</span> <span class='ocrx_word' id='word_1_445' title='bbox 1211 596 1358 640; x_wconf 79' lang='lat' dir='ltr'>excitari,</span> <span class='ocrx_word' id='word_1_446' title='bbox 1368 593 1525 644; x_wconf 67' lang='lat' dir='ltr'>praecipue</span> <span class='ocrx_word' id='word_1_447' title='bbox 1533 595 1619 629; x_wconf 86' lang='lat' dir='ltr'>vitio</span> <span class='ocrx_word' id='word_1_448' title='bbox 1632 591 1818 638; x_wconf 84' lang='lat' dir='ltr'>ventriculi,</span> <span class='ocrx_word' id='word_1_449' title='bbox 1831 599 1861 630; x_wconf 89' lang='lat'>&amp;</span> <span class='ocrx_word' id='word_1_450' title='bbox 1873 592 1946 643; x_wconf 83' lang='lat' dir='ltr'>post</span> 
     </span>
     <span class='ocr_line' id='line_1_70' title="bbox 1126 641 1741 690; baseline 0.008 -17"><span class='ocrx_word' id='word_1_451' title='bbox 1126 641 1427 680; x_wconf 83' lang='lat' dir='ltr'>immoderatiorem</span> <span class='ocrx_word' id='word_1_452' title='bbox 1448 647 1517 679; x_wconf 89' lang='lat' dir='ltr'>vini</span> <span class='ocrx_word' id='word_1_453' title='bbox 1527 645 1741 690; x_wconf 88' lang='lat' dir='ltr'>potationem.</span> 
     </span>
    </p>

    <p class='ocr_par' dir='ltr' id='par_1_12' title="bbox 1128 689 1990 2254">
     <span class='ocr_line' id='line_1_71' title="bbox 1174 689 1979 740; baseline -0.002 -15"><span class='ocrx_word' id='word_1_454' title='bbox 1174 689 1380 729; x_wconf 83' lang='lat' dir='ltr'>Calenuslib.</span> <span class='ocrx_word' id='word_1_455' title='bbox 1392 707 1426 740; x_wconf 85' lang='lat'>4.</span> <span class='ocrx_word' id='word_1_456' title='bbox 1439 694 1471 726; x_wconf 83' lang='lat' dir='ltr'>de</span> <span class='ocrx_word' id='word_1_457' title='bbox 1480 692 1541 739; x_wconf 73' lang='lat' dir='ltr'>diff.</span> <span class='ocrx_word' id='word_1_458' title='bbox 1551 692 1626 738; x_wconf 79' lang='lat' dir='ltr'>puls.</span> <span class='ocrx_word' id='word_1_459' title='bbox 1640 701 1701 736; x_wconf 81' lang='lat' dir='ltr'>cap.</span> <span class='ocrx_word' id='word_1_460' title='bbox 1717 702 1745 726; x_wconf 83' lang='lat'>1.</span> <span class='ocrx_word' id='word_1_461' title='bbox 1757 691 1836 725; x_wconf 88' lang='lat' dir='ltr'>item</span> <span class='ocrx_word' id='word_1_462' title='bbox 1845 689 1895 725; x_wconf 79' lang='lat' dir='ltr'>lib.</span> <span class='ocrx_word' id='word_1_463' title='bbox 1913 700 1942 725; x_wconf 84' lang='lat'>1.</span> <span class='ocrx_word' id='word_1_464' title='bbox 1977 720 1979 723; x_wconf 23' lang='lat'><strong>⁴</strong></span> 
     </span>
     <span class='ocr_line' id='line_1_72' title="bbox 1128 737 1980 790; baseline -0.001 -15"><span class='ocrx_word' id='word_1_465' title='bbox 1128 739 1161 772; x_wconf 77' lang='lat' dir='ltr'>de</span> <span class='ocrx_word' id='word_1_466' title='bbox 1171 738 1231 783; x_wconf 71' lang='lat' dir='ltr'>dtff.</span> <span class='ocrx_word' id='word_1_467' title='bbox 1241 740 1303 786; x_wconf 74' lang='lat' dir='ltr'>feb.</span> <span class='ocrx_word' id='word_1_468' title='bbox 1318 741 1624 790; x_wconf 59' lang='lat' dir='ltr'>022.ophthalmiam</span> <span class='ocrx_word' id='word_1_469' title='bbox 1633 739 1714 774; x_wconf 86' lang='lat' dir='ltr'>dicit</span> <span class='ocrx_word' id='word_1_470' title='bbox 1724 737 1945 786; x_wconf 76' lang='lat' dir='ltr'>contagiosarn</span> <span class='ocrx_word' id='word_1_471' title='bbox 1958 746 1962 749; x_wconf 73' lang='lat'>&#39;</span> <span class='ocrx_word' id='word_1_472' title='bbox 1979 774 1980 782; x_wconf 20' lang='grc' dir='ltr'>ἶ</span> 
     </span>
     <span class='ocr_line' id='line_1_73' title="bbox 1129 785 1980 837; baseline 0.001 -16"><span class='ocrx_word' id='word_1_473' title='bbox 1129 785 1197 821; x_wconf 81' lang='lat' dir='ltr'>effe.</span> <span class='ocrx_word' id='word_1_474' title='bbox 1213 789 1314 837; x_wconf 78' lang='lat' dir='ltr'>Qd</span> <span class='ocrx_word' id='word_1_475' title='bbox 1328 795 1359 826; x_wconf 86' lang='lat'>&amp;</span> <span class='ocrx_word' id='word_1_476' title='bbox 1371 789 1434 826; x_wconf 78' lang='lat' dir='ltr'>fine</span> <span class='ocrx_word' id='word_1_477' title='bbox 1457 789 1588 826; x_wconf 80' lang='lat' dir='ltr'>Galcno</span> <span class='ocrx_word' id='word_1_478' title='bbox 1598 787 1738 837; x_wconf 86' lang='lat' dir='ltr'>quilibet</span> <span class='ocrx_word' id='word_1_479' title='bbox 1747 786 1947 835; x_wconf 57' lang='lat' dir='ltr'>experientia</span> <span class='ocrx_word' id='word_1_480' title='bbox 1979 802 1980 808; x_wconf 57' lang='lat'>¹</span> 
     </span>
     <span class='ocr_line' id='line_1_74' title="bbox 1128 833 1947 887; baseline 0 -16"><span class='ocrx_word' id='word_1_481' title='bbox 1128 833 1246 871; x_wconf 83' lang='lat' dir='ltr'>discere</span> <span class='ocrx_word' id='word_1_482' title='bbox 1265 839 1379 887; x_wconf 85' lang='lat' dir='ltr'>potest.</span> <span class='ocrx_word' id='word_1_483' title='bbox 1402 840 1481 884; x_wconf 64' lang='lat' dir='ltr'>Eius</span> <span class='ocrx_word' id='word_1_484' title='bbox 1500 850 1608 874; x_wconf 88' lang='lat' dir='ltr'>tamen</span> <span class='ocrx_word' id='word_1_485' title='bbox 1619 835 1742 873; x_wconf 84' lang='lat' dir='ltr'>causam</span> <span class='ocrx_word' id='word_1_486' title='bbox 1760 835 1866 871; x_wconf 87' lang='lat' dir='ltr'>dicere</span> <span class='ocrx_word' id='word_1_487' title='bbox 1878 847 1947 871; x_wconf 86' lang='lat' dir='ltr'>non</span> 
     </span>
     <span class='ocr_line' id='line_1_75' title="bbox 1129 883 1946 937; baseline 0.002 -19"><span class='ocrx_word' id='word_1_488' title='bbox 1129 884 1212 921; x_wconf 78' lang='lat' dir='ltr'>adeo</span> <span class='ocrx_word' id='word_1_489' title='bbox 1220 884 1313 922; x_wconf 87' lang='lat' dir='ltr'>facile</span> <span class='ocrx_word' id='word_1_490' title='bbox 1323 888 1389 923; x_wconf 82' lang='lat' dir='ltr'>est:</span> <span class='ocrx_word' id='word_1_491' title='bbox 1409 886 1612 937; x_wconf 81' lang='lat' dir='ltr'>ophthalmia</span> <span class='ocrx_word' id='word_1_492' title='bbox 1631 887 1719 921; x_wconf 90' lang='lat' dir='ltr'>enim</span> <span class='ocrx_word' id='word_1_493' title='bbox 1730 883 1946 921; x_wconf 87' lang='lat' dir='ltr'>inflammatio</span> 
     </span>
     <span class='ocr_line' id='line_1_76' title="bbox 1129 933 1945 983; baseline 0.001 -16"><span class='ocrx_word' id='word_1_494' title='bbox 1129 934 1194 976; x_wconf 85' lang='lat' dir='ltr'>est,</span> <span class='ocrx_word' id='word_1_495' title='bbox 1206 933 1460 972; x_wconf 84' lang='lat' dir='ltr'>atinflammatio</span> <span class='ocrx_word' id='word_1_496' title='bbox 1477 937 1672 983; x_wconf 85' lang='lat' dir='ltr'>contagione</span> <span class='ocrx_word' id='word_1_497' title='bbox 1691 945 1759 968; x_wconf 89' lang='lat' dir='ltr'>non</span> <span class='ocrx_word' id='word_1_498' title='bbox 1778 935 1945 981; x_wconf 85' lang='lat' dir='ltr'>accipitur.</span> 
     </span>
     <span class='ocr_line' id='line_1_77' title="bbox 1132 980 1945 1033; baseline -0.001 -16"><span class='ocrx_word' id='word_1_499' title='bbox 1132 982 1238 1018; x_wconf 85' lang='lat' dir='ltr'>Causa</span> <span class='ocrx_word' id='word_1_500' title='bbox 1259 996 1367 1020; x_wconf 84' lang='lat' dir='ltr'>autem</span> <span class='ocrx_word' id='word_1_501' title='bbox 1387 987 1428 1021; x_wconf 86' lang='lat' dir='ltr'>ab</span> <span class='ocrx_word' id='word_1_502' title='bbox 1444 983 1575 1033; x_wconf 84' lang='lat' dir='ltr'>ipsamet</span> <span class='ocrx_word' id='word_1_503' title='bbox 1586 994 1673 1032; x_wconf 88' lang='lat' dir='ltr'>parte</span> <span class='ocrx_word' id='word_1_504' title='bbox 1688 980 1795 1017; x_wconf 68' lang='lat' dir='ltr'>affecta</span> <span class='ocrx_word' id='word_1_505' title='bbox 1806 982 1945 1029; x_wconf 86' lang='lat' dir='ltr'>petenda</span> 
     </span>
     <span class='ocr_line' id='line_1_78' title="bbox 1131 1027 1990 1082; baseline -0.001 -16"><span class='ocrx_word' id='word_1_506' title='bbox 1131 1032 1185 1075; x_wconf 83' lang='lat' dir='ltr'>est,</span> <span class='ocrx_word' id='word_1_507' title='bbox 1195 1032 1235 1066; x_wconf 91' lang='lat' dir='ltr'>ab</span> <span class='ocrx_word' id='word_1_508' title='bbox 1249 1034 1352 1068; x_wconf 85' lang='lat' dir='ltr'>oculis</span> <span class='ocrx_word' id='word_1_509' title='bbox 1362 1033 1502 1078; x_wconf 83' lang='lat' dir='ltr'>scilicet,</span> <span class='ocrx_word' id='word_1_510' title='bbox 1523 1035 1580 1082; x_wconf 88' lang='lat' dir='ltr'>qui</span> <span class='ocrx_word' id='word_1_511' title='bbox 1593 1031 1668 1067; x_wconf 63' lang='lat' dir='ltr'>esim</span> <span class='ocrx_word' id='word_1_512' title='bbox 1680 1030 1820 1074; x_wconf 86' lang='lat' dir='ltr'>humidi,</span> <span class='ocrx_word' id='word_1_513' title='bbox 1830 1027 1949 1065; x_wconf 73' lang='lat' dir='ltr'>molles</span> <span class='ocrx_word' id='word_1_514' title='bbox 1989 1062 1990 1069; x_wconf 69' lang='grc'>,</span> 
     </span>
     <span class='ocr_line' id='line_1_79' title="bbox 1133 1078 1950 1131; baseline -0.001 -15"><span class='ocrx_word' id='word_1_515' title='bbox 1133 1086 1164 1115; x_wconf 72' lang='grc' dir='ltr'>δι</span> <span class='ocrx_word' id='word_1_516' title='bbox 1177 1080 1271 1116; x_wconf 77' lang='lat' dir='ltr'>facile</span> <span class='ocrx_word' id='word_1_517' title='bbox 1281 1083 1430 1130; x_wconf 80' lang='lat' dir='ltr'>patibiles</span> <span class='ocrx_word' id='word_1_518' title='bbox 1445 1082 1506 1119; x_wconf 84' lang='lat' dir='ltr'>fint</span> <span class='ocrx_word' id='word_1_519' title='bbox 1517 1109 1528 1127; x_wconf 89' lang='lat'>‚</span> <span class='ocrx_word' id='word_1_520' title='bbox 1548 1079 1677 1131; x_wconf 66' lang='lat' dir='ltr'>promte</span> <span class='ocrx_word' id='word_1_521' title='bbox 1690 1081 1710 1115; x_wconf 69' lang='lat' dir='ltr'>a</span> <span class='ocrx_word' id='word_1_522' title='bbox 1721 1078 1895 1127; x_wconf 86' lang='lat' dir='ltr'>vaporibus</span> <span class='ocrx_word' id='word_1_523' title='bbox 1906 1090 1950 1115; x_wconf 73' lang='lat' dir='ltr'>ex</span> 
     </span>
     <span class='ocr_line' id='line_1_80' title="bbox 1132 1126 1990 1169; baseline -0.005 -5"><span class='ocrx_word' id='word_1_524' title='bbox 1132 1129 1274 1165; x_wconf 84' lang='lat' dir='ltr'>adstante</span> <span class='ocrx_word' id='word_1_525' title='bbox 1294 1130 1494 1169; x_wconf 79' lang='lat' dir='ltr'>inflammato</span> <span class='ocrx_word' id='word_1_526' title='bbox 1517 1129 1620 1167; x_wconf 82' lang='lat' dir='ltr'>oculo</span> <span class='ocrx_word' id='word_1_527' title='bbox 1648 1126 1856 1163; x_wconf 84' lang='lat' dir='ltr'>effluentibus</span> <span class='ocrx_word' id='word_1_528' title='bbox 1877 1127 1952 1162; x_wconf 85' lang='lat' dir='ltr'>affi-</span> <span class='ocrx_word' id='word_1_529' title='bbox 1988 1127 1990 1154; x_wconf 64' lang='lat' dir='ltr'>l</span> 
     </span>
     <span class='ocr_line' id='line_1_81' title="bbox 1132 1173 1952 1228; baseline -0.001 -15"><span class='ocrx_word' id='word_1_530' title='bbox 1132 1181 1275 1213; x_wconf 85' lang='lat' dir='ltr'>ciuntur.</span> <span class='ocrx_word' id='word_1_531' title='bbox 1288 1185 1335 1215; x_wconf 90' lang='lat' dir='ltr'>At</span> <span class='ocrx_word' id='word_1_532' title='bbox 1346 1195 1400 1217; x_wconf 86' lang='lat' dir='ltr'>cur</span> <span class='ocrx_word' id='word_1_533' title='bbox 1411 1181 1490 1228; x_wconf 79' lang='lat' dir='ltr'>ergo</span> <span class='ocrx_word' id='word_1_534' title='bbox 1504 1193 1572 1216; x_wconf 86' lang='lat' dir='ltr'>non</span> <span class='ocrx_word' id='word_1_535' title='bbox 1580 1177 1733 1228; x_wconf 65' lang='lat' dir='ltr'>perpetua</span> <span class='ocrx_word' id='word_1_536' title='bbox 1744 1173 1952 1224; x_wconf 63' lang='lat' dir='ltr'>ophthalmia</span> 
     </span>
     <span class='ocr_line' id='line_1_82' title="bbox 1132 1223 1951 1277; baseline -0.005 -14"><span class='ocrx_word' id='word_1_537' title='bbox 1132 1227 1281 1263; x_wconf 90' lang='lat' dir='ltr'>laborant</span> <span class='ocrx_word' id='word_1_538' title='bbox 1295 1230 1430 1277; x_wconf 76' lang='lat' dir='ltr'>ocularij</span> <span class='ocrx_word' id='word_1_539' title='bbox 1443 1229 1606 1265; x_wconf 79' lang='lat' dir='ltr'>Medici&amp;</span> <span class='ocrx_word' id='word_1_540' title='bbox 1619 1223 1798 1262; x_wconf 82' lang='lat' dir='ltr'>medicastri</span> <span class='ocrx_word' id='word_1_541' title='bbox 1810 1250 1822 1269; x_wconf 88' lang='lat'>,</span> <span class='ocrx_word' id='word_1_542' title='bbox 1832 1227 1889 1274; x_wconf 88' lang='lat' dir='ltr'>qui</span> <span class='ocrx_word' id='word_1_543' title='bbox 1897 1227 1951 1260; x_wconf 85' lang='lat' dir='ltr'>irr-</span> 
     </span>
     <span class='ocr_line' id='line_1_83' title="bbox 1133 1273 1952 1323; baseline -0.002 -11"><span class='ocrx_word' id='word_1_544' title='bbox 1133 1277 1201 1312; x_wconf 87' lang='lat' dir='ltr'>dies</span> <span class='ocrx_word' id='word_1_545' title='bbox 1224 1286 1276 1310; x_wconf 86' lang='lat' dir='ltr'>tot</span> <span class='ocrx_word' id='word_1_546' title='bbox 1306 1291 1419 1314; x_wconf 86' lang='lat' dir='ltr'>curant</span> <span class='ocrx_word' id='word_1_547' title='bbox 1432 1305 1443 1323; x_wconf 91' lang='lat'>,</span> <span class='ocrx_word' id='word_1_548' title='bbox 1463 1284 1495 1314; x_wconf 87' lang='lat'>&amp;</span> <span class='ocrx_word' id='word_1_549' title='bbox 1517 1279 1654 1314; x_wconf 61' lang='lat' dir='ltr'>traftant</span> <span class='ocrx_word' id='word_1_550' title='bbox 1673 1301 1684 1320; x_wconf 88' lang='lat'>‚</span> <span class='ocrx_word' id='word_1_551' title='bbox 1708 1279 1740 1310; x_wconf 87' lang='lat'>&amp;</span> <span class='ocrx_word' id='word_1_552' title='bbox 1774 1273 1952 1322; x_wconf 58' lang='lat' dir='ltr'>inspeRant</span> 
     </span>
     <span class='ocr_line' id='line_1_84' title="bbox 1135 1323 1952 1375; baseline 0 -17"><span class='ocrx_word' id='word_1_553' title='bbox 1135 1323 1377 1374; x_wconf 84' lang='lat' dir='ltr'>ophthalmicos</span> <span class='ocrx_word' id='word_1_554' title='bbox 1391 1331 1402 1364; x_wconf 73' lang='grc' dir='ltr'>ζ</span> <span class='ocrx_word' id='word_1_555' title='bbox 1427 1328 1553 1363; x_wconf 83' lang='lat' dir='ltr'>Eadem</span> <span class='ocrx_word' id='word_1_556' title='bbox 1573 1323 1708 1375; x_wconf 75' lang='lat' dir='ltr'>quaestio</span> <span class='ocrx_word' id='word_1_557' title='bbox 1719 1324 1785 1370; x_wconf 90' lang='lat' dir='ltr'>peti</span> <span class='ocrx_word' id='word_1_558' title='bbox 1801 1323 1896 1371; x_wconf 85' lang='lat' dir='ltr'>poffit</span> <span class='ocrx_word' id='word_1_559' title='bbox 1908 1323 1952 1359; x_wconf 76' lang='lat' dir='ltr'>de</span> 
     </span>
     <span class='ocr_line' id='line_1_85' title="bbox 1134 1371 1953 1424; baseline -0.004 -15"><span class='ocrx_word' id='word_1_560' title='bbox 1134 1377 1185 1420; x_wconf 70' lang='lat' dir='ltr'>ijs,</span> <span class='ocrx_word' id='word_1_561' title='bbox 1198 1377 1253 1422; x_wconf 89' lang='lat' dir='ltr'>qui</span> <span class='ocrx_word' id='word_1_562' title='bbox 1267 1376 1349 1424; x_wconf 86' lang='lat' dir='ltr'>peste</span> <span class='ocrx_word' id='word_1_563' title='bbox 1362 1376 1499 1412; x_wconf 47' lang='lat' dir='ltr'>infernos</span> <span class='ocrx_word' id='word_1_564' title='bbox 1511 1386 1637 1418; x_wconf 63' lang='lat' dir='ltr'>curant5</span> <span class='ocrx_word' id='word_1_565' title='bbox 1648 1371 1822 1421; x_wconf 86' lang='lat' dir='ltr'>quomodo</span> <span class='ocrx_word' id='word_1_566' title='bbox 1832 1382 1883 1407; x_wconf 90' lang='lat' dir='ltr'>tot</span> <span class='ocrx_word' id='word_1_567' title='bbox 1893 1384 1953 1406; x_wconf 80' lang='lat' dir='ltr'>an-</span> 
     </span>
     <span class='ocr_line' id='line_1_86' title="bbox 1133 1420 1957 1469; baseline 0 -12"><span class='ocrx_word' id='word_1_568' title='bbox 1133 1425 1182 1457; x_wconf 91' lang='lat' dir='ltr'>nis</span> <span class='ocrx_word' id='word_1_569' title='bbox 1193 1424 1232 1457; x_wconf 89' lang='lat' dir='ltr'>ab</span> <span class='ocrx_word' id='word_1_570' title='bbox 1245 1424 1306 1459; x_wconf 87' lang='lat' dir='ltr'>illo</span> <span class='ocrx_word' id='word_1_571' title='bbox 1325 1425 1445 1460; x_wconf 85' lang='lat' dir='ltr'>morbo</span> <span class='ocrx_word' id='word_1_572' title='bbox 1464 1427 1622 1459; x_wconf 86' lang='lat' dir='ltr'>immunes</span> <span class='ocrx_word' id='word_1_573' title='bbox 1643 1431 1738 1469; x_wconf 76' lang='lat' dir='ltr'>agant</span> <span class='ocrx_word' id='word_1_574' title='bbox 1751 1423 1762 1456; x_wconf 68' lang='lat'>&#39;4</span> <span class='ocrx_word' id='word_1_575' title='bbox 1788 1420 1957 1457; x_wconf 79' lang='lat' dir='ltr'>Videntur&#39;</span> 
     </span>
     <span class='ocr_line' id='line_1_87' title="bbox 1134 1468 1955 1520; baseline -0.001 -14"><span class='ocrx_word' id='word_1_576' title='bbox 1134 1483 1242 1507; x_wconf 83' lang='lat' dir='ltr'>autem</span> <span class='ocrx_word' id='word_1_577' title='bbox 1254 1475 1436 1508; x_wconf 86' lang='lat' dir='ltr'>curantium</span> <span class='ocrx_word' id='word_1_578' title='bbox 1453 1486 1591 1520; x_wconf 80' lang='lat' dir='ltr'>corpora</span> <span class='ocrx_word' id='word_1_579' title='bbox 1599 1484 1655 1520; x_wconf 90' lang='lat' dir='ltr'>per</span> <span class='ocrx_word' id='word_1_580' title='bbox 1674 1470 1808 1517; x_wconf 85' lang='lat' dir='ltr'>longam</span> <span class='ocrx_word' id='word_1_581' title='bbox 1818 1468 1955 1505; x_wconf 87' lang='lat' dir='ltr'>consue-</span> 
     </span>
     <span class='ocr_line' id='line_1_88' title="bbox 1134 1518 1950 1570; baseline -0.001 -15"><span class='ocrx_word' id='word_1_582' title='bbox 1134 1521 1282 1556; x_wconf 87' lang='lat' dir='ltr'>tudinem</span> <span class='ocrx_word' id='word_1_583' title='bbox 1302 1522 1395 1556; x_wconf 85' lang='lat' dir='ltr'>reddi</span> <span class='ocrx_word' id='word_1_584' title='bbox 1406 1519 1495 1570; x_wconf 86' lang='lat' dir='ltr'>quafi</span> <span class='ocrx_word' id='word_1_585' title='bbox 1512 1520 1626 1557; x_wconf 86' lang='lat' dir='ltr'>similia</span> <span class='ocrx_word' id='word_1_586' title='bbox 1636 1518 1829 1566; x_wconf 87' lang='lat' dir='ltr'>corporibus</span> <span class='ocrx_word' id='word_1_587' title='bbox 1841 1520 1950 1566; x_wconf 64' lang='lat' dir='ltr'>:egi-is,</span> 
     </span>
     <span class='ocr_line' id='line_1_89' title="bbox 1136 1568 1956 1618; baseline 0 -15"><span class='ocrx_word' id='word_1_588' title='bbox 1136 1580 1205 1618; x_wconf 87' lang='lat' dir='ltr'>atq,</span> <span class='ocrx_word' id='word_1_589' title='bbox 1216 1571 1259 1603; x_wconf 88' lang='lat' dir='ltr'>ita</span> <span class='ocrx_word' id='word_1_590' title='bbox 1271 1569 1310 1603; x_wconf 86' lang='lat' dir='ltr'>ab</span> <span class='ocrx_word' id='word_1_591' title='bbox 1321 1568 1405 1605; x_wconf 89' lang='lat' dir='ltr'>hisce</span> <span class='ocrx_word' id='word_1_592' title='bbox 1417 1569 1500 1604; x_wconf 90' lang='lat' dir='ltr'>nihil</span> <span class='ocrx_word' id='word_1_593' title='bbox 1510 1572 1587 1618; x_wconf 87' lang='lat' dir='ltr'>pati.</span> <span class='ocrx_word' id='word_1_594' title='bbox 1596 1571 1731 1604; x_wconf 82' lang='lat' dir='ltr'>Deinde</span> <span class='ocrx_word' id='word_1_595' title='bbox 1740 1568 1826 1603; x_wconf 87' lang='lat' dir='ltr'>abest</span> <span class='ocrx_word' id='word_1_596' title='bbox 1835 1569 1956 1615; x_wconf 79' lang='lat' dir='ltr'>imagi-</span> 
     </span>
     <span class='ocr_line' id='line_1_90' title="bbox 1137 1613 1959 1664; baseline 0.001 -13"><span class='ocrx_word' id='word_1_597' title='bbox 1137 1622 1227 1653; x_wconf 86' lang='lat' dir='ltr'>natio</span> <span class='ocrx_word' id='word_1_598' title='bbox 1241 1630 1275 1652; x_wconf 89' lang='lat' dir='ltr'>ac</span> <span class='ocrx_word' id='word_1_599' title='bbox 1287 1619 1389 1653; x_wconf 87' lang='lat' dir='ltr'>timor</span> <span class='ocrx_word' id='word_1_600' title='bbox 1397 1618 1438 1653; x_wconf 85' lang='lat' dir='ltr'>de</span> <span class='ocrx_word' id='word_1_601' title='bbox 1448 1617 1672 1653; x_wconf 88' lang='lat' dir='ltr'>contrahendo</span> <span class='ocrx_word' id='word_1_602' title='bbox 1683 1613 1959 1664; x_wconf 82' lang='lat' dir='ltr'>malo‚quitimor&#39;</span> 
     </span>
     <span class='ocr_line' id='line_1_91' title="bbox 1137 1663 1957 1715; baseline 0 -14"><span class='ocrx_word' id='word_1_603' title='bbox 1137 1667 1247 1703; x_wconf 88' lang='lat' dir='ltr'>reddit</span> <span class='ocrx_word' id='word_1_604' title='bbox 1271 1679 1410 1714; x_wconf 81' lang='lat' dir='ltr'>corpora·</span> <span class='ocrx_word' id='word_1_605' title='bbox 1429 1669 1620 1715; x_wconf 82' lang='lat' dir='ltr'>contagioni</span> <span class='ocrx_word' id='word_1_606' title='bbox 1643 1663 1741 1701; x_wconf 89' lang='lat' dir='ltr'>valde</span> <span class='ocrx_word' id='word_1_607' title='bbox 1761 1665 1908 1703; x_wconf 89' lang='lat' dir='ltr'>obnoxia</span> <span class='ocrx_word' id='word_1_608' title='bbox 1918 1676 1957 1703; x_wconf 82' lang='lat' dir='ltr'>ac</span> 
     </span>
     <span class='ocr_line' id='line_1_92' title="bbox 1138 1713 1958 1765; baseline 0.001 -15"><span class='ocrx_word' id='word_1_609' title='bbox 1138 1726 1334 1765; x_wconf 82' lang='lat' dir='ltr'>opportuna.</span> <span class='ocrx_word' id='word_1_610' title='bbox 1348 1715 1412 1751; x_wconf 88' lang='lat' dir='ltr'>Sed</span> <span class='ocrx_word' id='word_1_611' title='bbox 1425 1728 1481 1751; x_wconf 92' lang='lat' dir='ltr'>cur</span> <span class='ocrx_word' id='word_1_612' title='bbox 1501 1715 1590 1752; x_wconf 81' lang='lat' dir='ltr'>oculi</span> <span class='ocrx_word' id='word_1_613' title='bbox 1611 1713 1820 1763; x_wconf 76' lang='lat' dir='ltr'>inspectantes</span> <span class='ocrx_word' id='word_1_614' title='bbox 1839 1727 1958 1765; x_wconf 85' lang='lat' dir='ltr'>quam-</span> 
     </span>
     <span class='ocr_line' id='line_1_93' title="bbox 1139 1762 1960 1814; baseline 0.002 -15"><span class='ocrx_word' id='word_1_615' title='bbox 1139 1764 1220 1800; x_wconf 87' lang='lat' dir='ltr'>libet</span> <span class='ocrx_word' id='word_1_616' title='bbox 1233 1764 1329 1800; x_wconf 86' lang='lat' dir='ltr'>aliam</span> <span class='ocrx_word' id='word_1_617' title='bbox 1339 1778 1490 1814; x_wconf 84' lang='lat' dir='ltr'>magnam</span> <span class='ocrx_word' id='word_1_618' title='bbox 1507 1762 1799 1801; x_wconf 85' lang='lat' dir='ltr'>inflammationem</span> <span class='ocrx_word' id='word_1_619' title='bbox 1808 1766 1960 1812; x_wconf 75' lang='lat' dir='ltr'>corporis</span> 
     </span>
     <span class='ocr_line' id='line_1_94' title="bbox 1139 1810 1962 1863; baseline -0.001 -13"><span class='ocrx_word' id='word_1_620' title='bbox 1139 1827 1207 1850; x_wconf 89' lang='lat' dir='ltr'>non</span> <span class='ocrx_word' id='word_1_621' title='bbox 1226 1811 1468 1850; x_wconf 83' lang='lat' dir='ltr'>inflammantur</span> <span class='ocrx_word' id='word_1_622' title='bbox 1509 1827 1620 1863; x_wconf 84' lang='lat' dir='ltr'>uoque</span> <span class='ocrx_word' id='word_1_623' title='bbox 1629 1839 1642 1859; x_wconf 88' lang='lat'>‚</span> <span class='ocrx_word' id='word_1_624' title='bbox 1666 1810 1743 1847; x_wconf 56' lang='lat' dir='ltr'>cum</span> <span class='ocrx_word' id='word_1_625' title='bbox 1763 1815 1863 1849; x_wconf 86' lang='lat' dir='ltr'>etiam</span> <span class='ocrx_word' id='word_1_626' title='bbox 1883 1814 1962 1850; x_wconf 59' lang='lat' dir='ltr'>turri*</span> 
     </span>
     <span class='ocr_line' id='line_1_95' title="bbox 1139 1827 1963 1911; baseline 0.002 -14"><span class='ocrx_word' id='word_1_627' title='bbox 1139 1875 1279 1911; x_wconf 82' lang='lat' dir='ltr'>vapores</span> <span class='ocrx_word' id='word_1_628' title='bbox 1299 1874 1437 1911; x_wconf 85' lang='lat' dir='ltr'>exparte</span> <span class='ocrx_word' id='word_1_629' title='bbox 1456 1827 1654 1900; x_wconf 43' lang='lat' dir='ltr'>iulii-ammata</span> <span class='ocrx_word' id='word_1_630' title='bbox 1671 1860 1856 1899; x_wconf 77' lang='lat' dir='ltr'>exhalantes</span> <span class='ocrx_word' id='word_1_631' title='bbox 1876 1864 1963 1899; x_wconf 82' lang='lat' dir='ltr'>reci-</span> 
     </span>
     <span class='ocr_line' id='line_1_96' title="bbox 1141 1910 1962 1960; baseline 0.001 -14"><span class='ocrx_word' id='word_1_632' title='bbox 1141 1913 1245 1960; x_wconf 59' lang='lat' dir='ltr'>piant}</span> <span class='ocrx_word' id='word_1_633' title='bbox 1267 1910 1365 1960; x_wconf 83' lang='lat' dir='ltr'>Resp.</span> <span class='ocrx_word' id='word_1_634' title='bbox 1387 1912 1496 1948; x_wconf 85' lang='lat' dir='ltr'>Debet</span> <span class='ocrx_word' id='word_1_635' title='bbox 1509 1911 1551 1948; x_wconf 79' lang='lat' dir='ltr'>ad</span> <span class='ocrx_word' id='word_1_636' title='bbox 1561 1913 1750 1959; x_wconf 85' lang='lat' dir='ltr'>contagium</span> <span class='ocrx_word' id='word_1_637' title='bbox 1760 1910 1962 1949; x_wconf 82' lang='lat' dir='ltr'>intercedere</span> 
     </span>
     <span class='ocr_line' id='line_1_97' title="bbox 1141 1958 1962 2016; baseline 0 -20"><span class='ocrx_word' id='word_1_638' title='bbox 1141 1960 1290 2009; x_wconf 88' lang='lat' dir='ltr'>quaedam</span> <span class='ocrx_word' id='word_1_639' title='bbox 1299 1962 1440 2010; x_wconf 82' lang='lat' dir='ltr'>partium</span> <span class='ocrx_word' id='word_1_640' title='bbox 1450 1960 1609 2008; x_wconf 78' lang='lat' dir='ltr'>analogia.</span> <span class='ocrx_word' id='word_1_641' title='bbox 1619 1961 1672 1995; x_wconf 89' lang='lat' dir='ltr'>Sic</span> <span class='ocrx_word' id='word_1_642' title='bbox 1682 1963 1770 1997; x_wconf 87' lang='lat' dir='ltr'>enim</span> <span class='ocrx_word' id='word_1_643' title='bbox 1779 1958 1962 2016; x_wconf 76' lang='lat' dir='ltr'>dysenteria</span> 
     </span>
     <span class='ocr_line' id='line_1_98' title="bbox 1141 2007 1961 2060; baseline 0.001 -16"><span class='ocrx_word' id='word_1_644' title='bbox 1141 2009 1344 2045; x_wconf 85' lang='lat' dir='ltr'>contrahitur</span> <span class='ocrx_word' id='word_1_645' title='bbox 1355 2032 1370 2054; x_wconf 69' lang='lat'><em>5</em></span> <span class='ocrx_word' id='word_1_646' title='bbox 1390 2007 1413 2043; x_wconf 76' lang='lat' dir='ltr'>fi</span> <span class='ocrx_word' id='word_1_647' title='bbox 1434 2013 1507 2060; x_wconf 86' lang='lat' dir='ltr'>quis</span> <span class='ocrx_word' id='word_1_648' title='bbox 1517 2008 1651 2046; x_wconf 85' lang='lat' dir='ltr'>insideat</span> <span class='ocrx_word' id='word_1_649' title='bbox 1669 2008 1747 2045; x_wconf 86' lang='lat' dir='ltr'>loco</span> <span class='ocrx_word' id='word_1_650' title='bbox 1759 2008 1809 2044; x_wconf 91' lang='lat' dir='ltr'>illi</span> <span class='ocrx_word' id='word_1_651' title='bbox 1821 2021 1878 2055; x_wconf 88' lang='lat' dir='ltr'>‚in</span> <span class='ocrx_word' id='word_1_652' title='bbox 1889 2011 1961 2058; x_wconf 87' lang='lat' dir='ltr'>quo</span> 
     </span>
     <span class='ocr_line' id='line_1_99' title="bbox 1141 2056 1962 2107; baseline -0.001 -13"><span class='ocrx_word' id='word_1_653' title='bbox 1141 2057 1360 2107; x_wconf 83' lang='lat' dir='ltr'>dysentericus</span> <span class='ocrx_word' id='word_1_654' title='bbox 1370 2070 1575 2095; x_wconf 84' lang='lat' dir='ltr'>excrementa</span> <span class='ocrx_word' id='word_1_655' title='bbox 1583 2056 1733 2106; x_wconf 81' lang='lat' dir='ltr'>deposuit</span> <span class='ocrx_word' id='word_1_656' title='bbox 1742 2083 1754 2102; x_wconf 91' lang='lat'>‚</span> <span class='ocrx_word' id='word_1_657' title='bbox 1766 2071 1839 2107; x_wconf 83' lang='lat' dir='ltr'>quae</span> <span class='ocrx_word' id='word_1_658' title='bbox 1847 2066 1962 2093; x_wconf 74' lang='lat' dir='ltr'>excre-¹</span> 
     </span>
     <span class='ocr_line' id='line_1_100' title="bbox 1143 2103 1962 2151; baseline 0 -9"><span class='ocrx_word' id='word_1_659' title='bbox 1143 2118 1252 2142; x_wconf 86' lang='lat' dir='ltr'>menta</span> <span class='ocrx_word' id='word_1_660' title='bbox 1261 2106 1317 2142; x_wconf 85' lang='lat' dir='ltr'>etfi</span> <span class='ocrx_word' id='word_1_661' title='bbox 1330 2120 1428 2142; x_wconf 85' lang='lat' dir='ltr'>manu</span> <span class='ocrx_word' id='word_1_662' title='bbox 1439 2109 1589 2143; x_wconf 64' lang='lat' dir='ltr'>traetaret</span> <span class='ocrx_word' id='word_1_663' title='bbox 1598 2132 1609 2151; x_wconf 88' lang='lat'>‚</span> <span class='ocrx_word' id='word_1_664' title='bbox 1630 2119 1697 2142; x_wconf 90' lang='lat' dir='ltr'>non</span> <span class='ocrx_word' id='word_1_665' title='bbox 1707 2104 1904 2142; x_wconf 82' lang='lat' dir='ltr'>inficeretur:</span> <span class='ocrx_word' id='word_1_666' title='bbox 1917 2103 1962 2142; x_wconf 65' lang='lat' dir='ltr'>fic&#39;</span> 
     </span>
     <span class='ocr_line' id='line_1_101' title="bbox 1141 2153 1966 2205; baseline 0 -14"><span class='ocrx_word' id='word_1_667' title='bbox 1141 2155 1276 2203; x_wconf 85' lang='lat' dir='ltr'>phthisis</span> <span class='ocrx_word' id='word_1_668' title='bbox 1287 2169 1355 2191; x_wconf 91' lang='lat' dir='ltr'>non</span> <span class='ocrx_word' id='word_1_669' title='bbox 1367 2156 1572 2192; x_wconf 82' lang='lat' dir='ltr'>contrahitur</span> <span class='ocrx_word' id='word_1_670' title='bbox 1580 2181 1592 2200; x_wconf 93' lang='lat'>‚</span> <span class='ocrx_word' id='word_1_671' title='bbox 1615 2153 1673 2191; x_wconf 68' lang='lat' dir='ltr'>nisi</span> <span class='ocrx_word' id='word_1_672' title='bbox 1683 2157 1700 2191; x_wconf 72' lang='lat' dir='ltr'>a</span> <span class='ocrx_word' id='word_1_673' title='bbox 1711 2153 1866 2205; x_wconf 85' lang='lat' dir='ltr'>pulmone</span> <span class='ocrx_word' id='word_1_674' title='bbox 1883 2153 1966 2202; x_wconf 58' lang='lat' dir='ltr'>sano</span> 
     </span>
     <span class='ocr_line' id='line_1_102' title="bbox 1142 2204 1713 2254; baseline 0.002 -14"><span class='ocrx_word' id='word_1_675' title='bbox 1142 2217 1279 2253; x_wconf 83' lang='lat' dir='ltr'>vapores</span> <span class='ocrx_word' id='word_1_676' title='bbox 1290 2204 1413 2253; x_wconf 85' lang='lat' dir='ltr'>putridi</span> <span class='ocrx_word' id='word_1_677' title='bbox 1423 2206 1635 2254; x_wconf 83' lang='lat' dir='ltr'>excipiantur.</span> <span class='ocrx_word' id='word_1_678' title='bbox 1649 2208 1713 2241; x_wconf 79' lang='grc' dir='ltr'>διε.</span> 
     </span>
    </p>
   </div>
   <div class='ocr_carea' id='block_1_7' title="bbox 1143 2302 1971 3160">
    <p class='ocr_par' dir='ltr' id='par_1_13' title="bbox 1478 2302 1600 2367">
     <span class='ocr_line' id='line_1_103' title="bbox 1478 2302 1600 2367; baseline -0.008 -19"><span class='ocrx_word' id='word_1_679' title='bbox 1478 2302 1600 2367; x_wconf 53' lang='lat' dir='ltr'>Segne.</span> 
     </span>
    </p>

    <p class='ocr_par' dir='ltr' id='par_1_14' title="bbox 1144 2393 1966 2731">
     <span class='ocr_line' id='line_1_104' title="bbox 1190 2393 1965 2446; baseline -0.003 -15"><span class='ocrx_word' id='word_1_680' title='bbox 1190 2398 1272 2431; x_wconf 90' lang='lat' dir='ltr'>Non</span> <span class='ocrx_word' id='word_1_681' title='bbox 1281 2408 1354 2445; x_wconf 85' lang='lat' dir='ltr'>eget</span> <span class='ocrx_word' id='word_1_682' title='bbox 1375 2395 1469 2444; x_wconf 83' lang='lat' dir='ltr'>lignis</span> <span class='ocrx_word' id='word_1_683' title='bbox 1487 2393 1712 2444; x_wconf 84' lang='lat' dir='ltr'>ophthalmia,</span> <span class='ocrx_word' id='word_1_684' title='bbox 1735 2396 1856 2444; x_wconf 85' lang='lat' dir='ltr'>quippe</span> <span class='ocrx_word' id='word_1_685' title='bbox 1862 2403 1965 2446; x_wconf 84' lang='lat' dir='ltr'>quam</span> 
     </span>
     <span class='ocr_line' id='line_1_105' title="bbox 1144 2442 1966 2492; baseline -0.001 -13"><span class='ocrx_word' id='word_1_686' title='bbox 1144 2443 1310 2480; x_wconf 85' lang='lat' dir='ltr'>rubescens</span> <span class='ocrx_word' id='word_1_687' title='bbox 1326 2444 1415 2481; x_wconf 87' lang='lat' dir='ltr'>oculi</span> <span class='ocrx_word' id='word_1_688' title='bbox 1426 2443 1537 2480; x_wconf 86' lang='lat' dir='ltr'>album</span> <span class='ocrx_word' id='word_1_689' title='bbox 1548 2470 1561 2489; x_wconf 88' lang='lat'>‚</span> <span class='ocrx_word' id='word_1_690' title='bbox 1580 2448 1613 2479; x_wconf 86' lang='lat'>&amp;</span> <span class='ocrx_word' id='word_1_691' title='bbox 1626 2456 1718 2480; x_wconf 85' lang='lat' dir='ltr'>venae</span> <span class='ocrx_word' id='word_1_692' title='bbox 1739 2445 1774 2479; x_wconf 90' lang='lat' dir='ltr'>in</span> <span class='ocrx_word' id='word_1_693' title='bbox 1783 2457 1824 2480; x_wconf 90' lang='lat' dir='ltr'>eo</span> <span class='ocrx_word' id='word_1_694' title='bbox 1837 2442 1966 2492; x_wconf 77' lang='lat' dir='ltr'>conspi-</span> 
     </span>
     <span class='ocr_line' id='line_1_106' title="bbox 1144 2490 1966 2538; baseline 0.001 -11"><span class='ocrx_word' id='word_1_695' title='bbox 1144 2506 1211 2528; x_wconf 84' lang='lat' dir='ltr'>cuae</span> <span class='ocrx_word' id='word_1_696' title='bbox 1222 2493 1435 2530; x_wconf 87' lang='lat' dir='ltr'>manifestant.</span> <span class='ocrx_word' id='word_1_697' title='bbox 1449 2495 1483 2528; x_wconf 88' lang='lat' dir='ltr'>Si</span> <span class='ocrx_word' id='word_1_698' title='bbox 1494 2492 1595 2529; x_wconf 89' lang='lat' dir='ltr'>rubor</span> <span class='ocrx_word' id='word_1_699' title='bbox 1604 2490 1642 2528; x_wconf 86' lang='lat' dir='ltr'>sit</span> <span class='ocrx_word' id='word_1_700' title='bbox 1652 2491 1815 2538; x_wconf 86' lang='lat' dir='ltr'>modicus,</span> <span class='ocrx_word' id='word_1_701' title='bbox 1825 2494 1869 2530; x_wconf 86' lang='lat' dir='ltr'>est</span> <span class='ocrx_word' id='word_1_702' title='bbox 1877 2499 1966 2529; x_wconf 88' lang='lat' dir='ltr'>tar&#39;a-</span> 
     </span>
     <span class='ocr_line' id='line_1_107' title="bbox 1146 2540 1965 2590; baseline 0 -13"><span class='ocrx_word' id='word_1_703' title='bbox 1146 2543 1206 2577; x_wconf 84' lang='lat' dir='ltr'>xis.</span> <span class='ocrx_word' id='word_1_704' title='bbox 1232 2544 1265 2577; x_wconf 87' lang='lat' dir='ltr'>Si</span> <span class='ocrx_word' id='word_1_705' title='bbox 1287 2542 1390 2578; x_wconf 83' lang='lat' dir='ltr'>ambae</span> <span class='ocrx_word' id='word_1_706' title='bbox 1409 2540 1568 2590; x_wconf 80' lang='lat' dir='ltr'>palpebrae</span> <span class='ocrx_word' id='word_1_707' title='bbox 1588 2554 1629 2576; x_wconf 86' lang='lat' dir='ltr'>ex</span> <span class='ocrx_word' id='word_1_708' title='bbox 1639 2541 1825 2577; x_wconf 85' lang='lat' dir='ltr'>vehementi</span> <span class='ocrx_word' id='word_1_709' title='bbox 1835 2540 1965 2579; x_wconf 84' lang='lat' dir='ltr'>inflam-</span> 
     </span>
     <span class='ocr_line' id='line_1_108' title="bbox 1146 2588 1965 2639; baseline 0.002 -14"><span class='ocrx_word' id='word_1_710' title='bbox 1146 2592 1290 2626; x_wconf 87' lang='lat' dir='ltr'>matione</span> <span class='ocrx_word' id='word_1_711' title='bbox 1301 2588 1432 2627; x_wconf 79' lang='lat' dir='ltr'>inversae</span> <span class='ocrx_word' id='word_1_712' title='bbox 1443 2590 1503 2626; x_wconf 84' lang='lat' dir='ltr'>fint</span> <span class='ocrx_word' id='word_1_713' title='bbox 1513 2616 1525 2635; x_wconf 89' lang='lat'><em>,</em></span> <span class='ocrx_word' id='word_1_714' title='bbox 1535 2602 1572 2626; x_wconf 89' lang='lat' dir='ltr'>ut</span> <span class='ocrx_word' id='word_1_715' title='bbox 1583 2591 1641 2627; x_wconf 86' lang='lat' dir='ltr'>vix</span> <span class='ocrx_word' id='word_1_716' title='bbox 1650 2588 1739 2625; x_wconf 89' lang='lat' dir='ltr'>oculi</span> <span class='ocrx_word' id='word_1_717' title='bbox 1749 2588 1791 2624; x_wconf 86' lang='lat' dir='ltr'>ab</span> <span class='ocrx_word' id='word_1_718' title='bbox 1800 2588 1871 2639; x_wconf 78' lang='lat' dir='ltr'>ipfis</span> <span class='ocrx_word' id='word_1_719' title='bbox 1881 2603 1965 2626; x_wconf 91' lang='lat' dir='ltr'>con-</span> 
     </span>
     <span class='ocr_line' id='line_1_109' title="bbox 1147 2635 1965 2687; baseline 0.004 -14"><span class='ocrx_word' id='word_1_720' title='bbox 1147 2649 1311 2686; x_wconf 82' lang='lat' dir='ltr'>tegantur,</span> <span class='ocrx_word' id='word_1_721' title='bbox 1323 2644 1354 2675; x_wconf 88' lang='lat'>&amp;</span> <span class='ocrx_word' id='word_1_722' title='bbox 1371 2637 1483 2675; x_wconf 80' lang='lat' dir='ltr'>albuin</span> <span class='ocrx_word' id='word_1_723' title='bbox 1493 2638 1582 2675; x_wconf 89' lang='lat' dir='ltr'>oculi</span> <span class='ocrx_word' id='word_1_724' title='bbox 1592 2640 1688 2686; x_wconf 85' lang='lat' dir='ltr'>nigro</span> <span class='ocrx_word' id='word_1_725' title='bbox 1704 2635 1875 2676; x_wconf 79' lang='lat' dir='ltr'>fiiblimius</span> <span class='ocrx_word' id='word_1_726' title='bbox 1883 2652 1965 2687; x_wconf 50' lang='lat' dir='ltr'>eva-¹</span> 
     </span>
     <span class='ocr_line' id='line_1_110' title="bbox 1144 2685 1463 2731; baseline -0.003 -7"><span class='ocrx_word' id='word_1_727' title='bbox 1144 2685 1233 2731; x_wconf 76' lang='lat' dir='ltr'>serit,</span> <span class='ocrx_word' id='word_1_728' title='bbox 1242 2685 1398 2723; x_wconf 83' lang='lat' dir='ltr'>chemofis</span> <span class='ocrx_word' id='word_1_729' title='bbox 1408 2687 1463 2724; x_wconf 83' lang='lat' dir='ltr'>est.</span> 
     </span>
    </p>

    <p class='ocr_par' dir='ltr' id='par_1_15' title="bbox 1143 2734 1971 3156">
     <span class='ocr_line' id='line_1_111' title="bbox 1196 2734 1967 2785; baseline 0.003 -15"><span class='ocrx_word' id='word_1_730' title='bbox 1196 2737 1411 2784; x_wconf 83' lang='lat' dir='ltr'>Hippocrates</span> <span class='ocrx_word' id='word_1_731' title='bbox 1421 2737 1472 2773; x_wconf 87' lang='lat' dir='ltr'>lib.</span> <span class='ocrx_word' id='word_1_732' title='bbox 1485 2750 1518 2784; x_wconf 87' lang='lat'>7.</span> <span class='ocrx_word' id='word_1_733' title='bbox 1532 2736 1567 2771; x_wconf 78' lang='lat' dir='ltr'>de</span> <span class='ocrx_word' id='word_1_734' title='bbox 1576 2734 1667 2772; x_wconf 75' lang='lat' dir='ltr'>morb.</span> <span class='ocrx_word' id='word_1_735' title='bbox 1680 2736 1789 2785; x_wconf 85' lang='lat' dir='ltr'>inquit</span> <span class='ocrx_word' id='word_1_736' title='bbox 1799 2762 1811 2782; x_wconf 90' lang='lat'>‚</span> <span class='ocrx_word' id='word_1_737' title='bbox 1828 2736 1967 2772; x_wconf 75' lang='lat' dir='ltr'>omnibus</span> 
     </span>
     <span class='ocr_line' id='line_1_112' title="bbox 1143 2783 1968 2833; baseline 0.004 -15"><span class='ocrx_word' id='word_1_738' title='bbox 1143 2783 1391 2831; x_wconf 73' lang='lat' dir='ltr'>suppurationibus</span> <span class='ocrx_word' id='word_1_739' title='bbox 1403 2787 1440 2824; x_wconf 66' lang='grc' dir='ltr'>έν</span> <span class='ocrx_word' id='word_1_740' title='bbox 1449 2785 1639 2833; x_wconf 62' lang='lat' dir='ltr'>affeniombus</span> <span class='ocrx_word' id='word_1_741' title='bbox 1650 2786 1725 2819; x_wconf 77' lang='lat' dir='ltr'>circa</span> <span class='ocrx_word' id='word_1_742' title='bbox 1735 2788 1847 2820; x_wconf 81' lang='lat' dir='ltr'>oculum</span> <span class='ocrx_word' id='word_1_743' title='bbox 1859 2787 1968 2821; x_wconf 75' lang='lat' dir='ltr'>dolores</span> 
     </span>
     <span class='ocr_line' id='line_1_113' title="bbox 1148 2831 1971 2884; baseline 0.001 -17"><span class='ocrx_word' id='word_1_744' title='bbox 1148 2833 1186 2867; x_wconf 84' lang='lat' dir='ltr'>ad</span> <span class='ocrx_word' id='word_1_745' title='bbox 1205 2835 1320 2869; x_wconf 71' lang='lat' dir='ltr'>noctem.</span> <span class='ocrx_word' id='word_1_746' title='bbox 1356 2834 1437 2878; x_wconf 80' lang='lat' dir='ltr'>Ejus</span> <span class='ocrx_word' id='word_1_747' title='bbox 1464 2831 1671 2884; x_wconf 73' lang='lat' dir='ltr'>probabilem</span> <span class='ocrx_word' id='word_1_748' title='bbox 1697 2834 1859 2870; x_wconf 77' lang='lat' dir='ltr'>rationem</span> <span class='ocrx_word' id='word_1_749' title='bbox 1887 2833 1971 2870; x_wconf 83' lang='lat' dir='ltr'>dicit</span> 
     </span>
     <span class='ocr_line' id='line_1_114' title="bbox 1150 2880 1968 2919; baseline 0.002 -3"><span class='ocrx_word' id='word_1_750' title='bbox 1150 2881 1355 2917; x_wconf 85' lang='lat' dir='ltr'>Mercurialis</span> <span class='ocrx_word' id='word_1_751' title='bbox 1365 2884 1399 2917; x_wconf 89' lang='lat' dir='ltr'>in</span> <span class='ocrx_word' id='word_1_752' title='bbox 1409 2889 1548 2919; x_wconf 54' lang='lat' dir='ltr'>sinuarat,</span> <span class='ocrx_word' id='word_1_753' title='bbox 1565 2883 1604 2917; x_wconf 75' lang='lat' dir='ltr'>aa</span> <span class='ocrx_word' id='word_1_754' title='bbox 1614 2882 1691 2916; x_wconf 79' lang='lat' dir='ltr'>illum</span> <span class='ocrx_word' id='word_1_755' title='bbox 1700 2882 1752 2919; x_wconf 71' lang='lat' dir='ltr'>tib.</span> <span class='ocrx_word' id='word_1_756' title='bbox 1773 2880 1907 2918; x_wconf 79' lang='lat' dir='ltr'>dolores</span> <span class='ocrx_word' id='word_1_757' title='bbox 1914 2883 1968 2919; x_wconf 84' lang='lat' dir='ltr'>in-</span> 
     </span>
     <span class='ocr_line' id='line_1_115' title="bbox 1150 2929 1968 2980; baseline 0.005 -18"><span class='ocrx_word' id='word_1_758' title='bbox 1150 2931 1264 2977; x_wconf 86' lang='lat' dir='ltr'>quiens</span> <span class='ocrx_word' id='word_1_759' title='bbox 1275 2931 1374 2965; x_wconf 68' lang='lat' dir='ltr'>noctu</span> <span class='ocrx_word' id='word_1_760' title='bbox 1386 2929 1456 2966; x_wconf 84' lang='lat' dir='ltr'>fieri</span> <span class='ocrx_word' id='word_1_761' title='bbox 1467 2929 1647 2967; x_wconf 79' lang='lat' dir='ltr'>acerbiores</span> <span class='ocrx_word' id='word_1_762' title='bbox 1661 2953 1672 2971; x_wconf 90' lang='lat'>‚</span> <span class='ocrx_word' id='word_1_763' title='bbox 1689 2940 1762 2966; x_wconf 84' lang='lat' dir='ltr'>tum</span> <span class='ocrx_word' id='word_1_764' title='bbox 1771 2931 1847 2980; x_wconf 88' lang='lat' dir='ltr'>quia</span> <span class='ocrx_word' id='word_1_765' title='bbox 1857 2930 1968 2966; x_wconf 77' lang='lat' dir='ltr'>mino-</span> 
     </span>
     <span class='ocr_line' id='line_1_116' title="bbox 1150 2975 1970 3028; baseline 0.002 -16"><span class='ocrx_word' id='word_1_766' title='bbox 1150 2989 1184 3012; x_wconf 87' lang='lat' dir='ltr'>re</span> <span class='ocrx_word' id='word_1_767' title='bbox 1193 2976 1276 3012; x_wconf 65' lang='lat' dir='ltr'>faeta</span> <span class='ocrx_word' id='word_1_768' title='bbox 1287 2981 1432 3028; x_wconf 79' lang='lat' dir='ltr'>corporis</span> <span class='ocrx_word' id='word_1_769' title='bbox 1442 2976 1625 3015; x_wconf 84' lang='lat' dir='ltr'>difflatione</span> <span class='ocrx_word' id='word_1_770' title='bbox 1636 2980 1723 3013; x_wconf 72' lang='lat' dir='ltr'>intus</span> <span class='ocrx_word' id='word_1_771' title='bbox 1733 2975 1831 3014; x_wconf 80' lang='lat' dir='ltr'>causae</span> <span class='ocrx_word' id='word_1_772' title='bbox 1839 2975 1970 3014; x_wconf 78' lang='lat' dir='ltr'>dolori-</span> 
     </span>
     <span class='ocr_line' id='line_1_117' title="bbox 1152 3022 1969 3076; baseline 0.002 -15"><span class='ocrx_word' id='word_1_773' title='bbox 1152 3024 1221 3061; x_wconf 83' lang='lat' dir='ltr'>ficae</span> <span class='ocrx_word' id='word_1_774' title='bbox 1232 3028 1335 3073; x_wconf 83' lang='lat' dir='ltr'>magis</span> <span class='ocrx_word' id='word_1_775' title='bbox 1344 3027 1625 3069; x_wconf 78' lang='lat' dir='ltr'>cohibentur3tum</span> <span class='ocrx_word' id='word_1_776' title='bbox 1634 3027 1712 3076; x_wconf 84' lang='lat' dir='ltr'>quia</span> <span class='ocrx_word' id='word_1_777' title='bbox 1719 3022 1821 3061; x_wconf 75' lang='lat' dir='ltr'>sensus</span> <span class='ocrx_word' id='word_1_778' title='bbox 1829 3034 1871 3060; x_wconf 85' lang='lat' dir='ltr'>eo</span> <span class='ocrx_word' id='word_1_779' title='bbox 1881 3028 1969 3063; x_wconf 78' lang='lat' dir='ltr'>tein-</span> 
     </span>
     <span class='ocr_line' id='line_1_118' title="bbox 1150 3073 1970 3156; baseline 0.001 -46"><span class='ocrx_word' id='word_1_780' title='bbox 1150 3085 1230 3123; x_wconf 86' lang='lat' dir='ltr'>pore</span> <span class='ocrx_word' id='word_1_781' title='bbox 1239 3098 1251 3121; x_wconf 83' lang='lat'>,</span> <span class='ocrx_word' id='word_1_782' title='bbox 1271 3075 1351 3114; x_wconf 71' lang='lat' dir='ltr'>curnv</span> <span class='ocrx_word' id='word_1_783' title='bbox 1372 3088 1440 3112; x_wconf 84' lang='lat' dir='ltr'>nori</span> <span class='ocrx_word' id='word_1_784' title='bbox 1464 3074 1526 3112; x_wconf 68' lang='lat' dir='ltr'>lint</span> <span class='ocrx_word' id='word_1_785' title='bbox 1535 3074 1603 3113; x_wconf 66' lang='lat' dir='ltr'>alic&gt;</span> <span class='ocrx_word' id='word_1_786' title='bbox 1613 3074 1769 3119; x_wconf 64' lang='lat' dir='ltr'>disttasti,</span> <span class='ocrx_word' id='word_1_787' title='bbox 1778 3073 1895 3156; x_wconf 73' lang='lat' dir='ltr'>totilad</span> <span class='ocrx_word' id='word_1_788' title='bbox 1903 3074 1970 3111; x_wconf 55' lang='lat' dir='ltr'>don</span> 
     </span>
    </p>

    <p class='ocr_par' dir='ltr' id='par_1_16' title="bbox 1859 3132 1967 3160">
     <span class='ocr_line' id='line_1_119' title="bbox 1859 3132 1967 3160; baseline 0.019 -2"><span class='ocrx_word' id='word_1_789' title='bbox 1859 3132 1967 3160; x_wconf 63' lang='lat' dir='ltr'>entem</span> 
     </span>
    </p>
   </div>
   <div class='ocr_carea' id='block_1_8' title="bbox 1949 0 1990 1063">
    <p class='ocr_par' dir='ltr' id='par_1_17' title="bbox 1949 0 1990 1063">
     <span class='ocr_line' id='line_1_120' title="bbox 1949 0 1990 1063; baseline 0 0"><span class='ocrx_word' id='word_1_790' title='bbox 1949 0 1990 1063; x_wconf 95' lang='lat' dir='ltr'> </span> 
     </span>
    </p>
   </div>
  </div>
 </body>
</html>
