1990 3386
388 203 1030 252 ,0PHTHALM0GRI
1074 207 1214 253 LIB,

39 272 166 311 {risibile
176 281 282 310 autem
292 283 360 308 non
377 282 450 320 agat
459 273 493 307 in
503 271 684 321 potentiam
696 293 707 312 ‚
730 266 786 304 nifi
797 281 853 317 per

38 319 172 370 speciem
181 319 426 356 intentionalem
443 334 538 369 ,quae
548 318 624 354 cum
634 318 738 352 tenuis
750 315 787 352 fit
799 331 856 352 en·-

40 371 152 414 titatis,
162 382 220 404 nec
228 371 321 418 poffit
331 368 508 417 producere
518 367 664 403 effeuum
675 365 858 401 naturalem·

39 419 73 452 in
84 430 208 464 organo
221 433 229 452 2
251 418 327 453 ideo
348 419 500 466 inquiunt
518 415 589 450 fieri
611 416 854 461 corruptionem

37 463 128 509 illam
139 468 264 501 ratione
273 465 405 511 alicujus
417 466 551 499 aetionis
564 461 656 498 realis
667 487 678 506 ,
692 475 791 510 quam
802 464 854 497 vi·-

36 511 127 550 fibile
137 527 211 548 cum
222 512 426 548 intentionali
438 512 533 546 habet
545 511 770 557 conjunetams
785 514 800 545 Ι
805 521 855 544 ta-

41 575 103 612 que
113 561 224 597 Solem
235 575 301 607 non
311 573 379 596 tam
397 560 519 595 lumine
530 558 586 595 suo
598 585 609 603 ,
634 560 733 607 quam
744 557 853 594 calore

39 608 144 646 visum
153 612 308 657 perimere
322 624 330 643 :
353 609 527 643 candorem
540 609 654 642 itidem
665 633 675 651 ,
698 608 773 655 quia
785 619 854 640 ma-

41 658 128 694 xime
137 655 272 692 refleetit
284 657 389 692 lucem
410 659 450 691 ad
464 655 618 705 pupillam
628 681 638 698 ‚
658 652 788 702 pupillae
801 667 854 687 ca-

40 705 161 743 lefafiae
171 709 418 754 proportionem
430 705 613 740 diffolvere.
636 706 717 738 ΗΞ(
728 703 853 737 senten-

41 757 86 790 tia
95 753 150 790 etfi
159 756 177 790 a
188 752 345 802 plerisque
356 757 547 802 excipiatur,
557 765 735 801 numquam
746 762 855 786 tamen

41 817 111 838 eam
122 805 192 838 mea
203 801 371 837 assenhone
381 803 513 849 dignam
524 802 648 850 putavi.
669 801 852 835 Enimvero

41 863 108 887 non
128 850 248 886 Solaris
259 851 375 885 caloris
384 876 396 894 ,
416 851 468 886 scd
490 850 569 884 lucis
586 847 732 896 appulsus
751 846 853 883 visum

44 902 174 943 evertit:
187 897 399 934 aestuosiffima
412 899 516 934 aestate
527 897 549 933 si
564 897 635 946 quis
647 896 704 930 stet
716 895 791 931 loco
802 909 855 930 ca-

42 945 195 984 lidiffimo
206 972 218 991 ‚
239 961 308 995 quo
326 945 445 982 scilicet
465 949 607 982 maxima
616 944 653 981 fit
665 950 696 979 ὃ(
710 944 855 980 conferta

42 993 164 1031 solaris
175 994 306 1031 luminis
318 995 358 1030 ab
368 1009 472 1044 opaco
482 1007 619 1042 corpore
630 991 764 1028 reflexio
777 1018 788 1037 ,
799 991 855 1027 mfi

41 1045 174 1080 intentis
194 1042 297 1079 oculis
317 1044 427 1079 Solem
448 1046 609 1079 intueatur
619 1067 631 1087 ‚
654 1054 721 1076 non
740 1043 857 1076 admo-

42 1092 122 1128 dum
132 1093 173 1128 de
184 1090 255 1127 visu
262 1104 490 1141 conqueretur.
512 1092 667 1127 Similiter
678 1092 712 1124 in
732 1089 859 1127 calidis—

25 1180 28 1182 ,
42 1138 125 1176 fimo
133 1139 283 1175 conclavi
294 1140 482 1175 constitutus
494 1166 504 1184 ,
523 1139 544 1175 si
557 1142 665 1187 ignem
679 1152 745 1173 non
756 1138 859 1187 inspe-

45 1189 123 1233 stet,
134 1202 201 1224 non
209 1186 321 1224 stntiet
333 1187 436 1224 visum
446 1187 538 1222 suum
549 1188 669 1223 offendi
683 1213 692 1231 ,
705 1186 762 1222 nisi
777 1201 858 1236 qua-

43 1246 138 1272 tenus
157 1236 203 1271 ob
226 1239 364 1272 nimium
381 1236 551 1271 ambientis
563 1237 673 1271 aestum
683 1263 694 1280 ‚
704 1235 858 1272 diisoluto

42 1286 100 1332 per
108 1283 238 1320 sudores
245 1296 320 1320 toto
331 1287 476 1332 corporis
496 1284 622 1329 habitu,
632 1283 715 1320 visus
725 1298 860 1334 quoque

43 1332 85 1368 fic
93 1331 215 1368 fatiscat
223 1332 503 1382 denique-Rursus
513 1334 768 1381 hyemantissimci
779 1335 861 1381 hye-

48 1395 101 1417 me
111 1381 134 1417 fi
144 1384 216 1432 quis
227 1380 309 1417 sudo
319 1382 399 1417 caelo
413 1385 446 1415 in
458 1381 569 1418 Solem
590 1383 691 1415 aciem
712 1382 860 1416 intendat

46 1432 306 1476 inconniventer,
317 1443 383 1466 non
395 1430 512 1465 leviter
522 1430 669 1465 eamdem
679 1426 860 1475 fibi-sentiet

46 1477 202 1516 labefieri.
227 1481 333 1514 Aiunt
354 1477 576 1527 crystallinum
593 1476 651 1512 esse
668 1476 762 1512 instar
782 1480 860 1513 vitri

44 1526 157 1573 ¹ustorij
168 1553 179 1572 ,
202 1540 256 1575 per
280 1527 372 1577 quod
393 1538 595 1575 penetrantes
625 1525 705 1571 radii
733 1524 860 1561 Solares

48 1587 145 1611 urunt
157 1579 293 1611 retinam
303 1602 314 1621 ,
337 1574 391 1611 vel
412 1574 508 1610 aliam
527 1586 652 1623 partem
673 1573 774 1609 oculii
797 1575 861 1610 Sed

47 1627 159 1660 'contra
169 1623 214 1659 est
223 1626 429 1672 experientia.
450 1626 538 1658 Nam
560 1621 582 1657 fi
591 1623 685 1670 gutta
695 1620 802 1658 serena
814 1621 862 1657 la-

48 1670 199 1708 borantes
210 1672 380 1719 jubeantur
392 1670 504 1707 Solem
514 1671 618 1706 oculis
627 1670 862 1718 excipere‚nul—

46 1718 114 1755 lam
122 1719 263 1756 sentiunt
273 1720 444 1756 ustionem:
467 1720 547 1767 ergo
560 1732 626 1755 non
636 1721 762 1754 ratione
773 1719 863 1755 calo-

46 1770 92 1803 ris
102 1767 120 1805 ὲ
131 1767 202 1804 luce
212 1771 416 1817 progenerati
428 1767 557 1803 laeditur
568 1764 652 1803 visus
664 1793 674 1811 ‚
695 1766 747 1802 sed
758 1769 775 1804 a
788 1767 861 1813 luce

0 1831 1 1839 ¹
48 1828 106 1864 per
116 1815 146 1852 se
157 1823 188 1852 &
201 1818 326 1859 ratione
333 1816 394 1861 sui,
404 1815 456 1852 seu
469 1827 626 1864 quatenus
639 1814 695 1851 lux
707 1815 760 1851 est.
776 1820 863 1861 1³³5oe-

47 1862 136 1901 ‘terea
159 1865 252 1915 quod
274 1878 330 1913 per
350 1868 462 1904 nivem
481 1868 542 1900 iter
561 1863 753 1899 facientibus
778 1864 862 1901 visus

41 1912 219 1950 ‚aboleatur
228 1939 241 1959 ‚
259 1927 300 1949 an
330 1919 363 1951 δι
393 1913 458 1948 hoe
489 1911 590 1948 calori
631 1913 861 1962 imputandum

48 1961 103 2000 fit}

98 2009 180 2046 Sane
191 2008 297 2048 Olaus
315 2010 457 2059 Magnus
476 2008 528 2047 lib.
544 2022 571 2046 1.
583 2020 647 2057 cap.
664 2016 716 2053 19.
731 2022 796 2044 non
808 2022 862 2046 ca-

48 2056 114 2094 lori
127 2078 139 2103 ·,
157 2057 211 2094 sed
222 2060 306 2094 nivis
317 2057 433 2107 frigori
453 2058 604 2096 adscribit
614 2086 625 2103 ,
643 2058 736 2108 quod
756 2059 865 2107 inquit

48 2106 166 2142 oculos
175 2107 354 2143 amburere.
369 2108 495 2144 Verum
504 2121 542 2143 ne
551 2107 653 2156 frigus
662 2108 796 2156 quidem
807 2111 865 2144 hfc

48 2156 149 2191 etiam
167 2155 362 2204 culpandum
382 2157 494 2194 censeo
506 2171 514 2191 t
536 2155 559 2191 fi
578 2160 665 2191 enirn
685 2167 741 2204 per
750 2157 864 2192 eadem

40 2201 106 2241 ,illa
115 2203 188 2239 loca
198 2204 329 2240 nivibus
341 2218 407 2240 non
417 2205 564 2241 comesta
574 2201 773 2258 proficiscare
783 2229 795 2248 ,
807 2217 865 2239 nec

43 2261 158 2293 ⁴tamen
169 2254 277 2288 minor
288 2251 324 2287 fit
333 2252 465 2302 frigoris
475 2254 612 2288 intenlio
621 2278 633 2296 ,
653 2253 722 2287 imo
737 2253 815 2288 vero
827 2251 866 2287 fit

41 2303 150 2336 ‘etiam
161 2301 277 2348 major,
287 2300 388 2337 illaeso
401 2300 469 2337 visu
480 2300 684 2349 pertransibis
696 2316 705 2343 ;
726 2299 784 2335 nisi
795 2300 865 2335 for-

51 2348 84 2383 te
98 2351 209 2397 ingens
219 2349 320 2397 frigus
340 2361 449 2386 totum
460 2363 575 2398 corpus
586 2349 756 2397 torpidum
777 2354 809 2383 &a
819 2351 866 2383 ri—

50 2397 405 2445 gidumefficiendo‚ita
414 2398 665 2447 quodammodo
678 2396 758 2434 visui
771 2395 866 2432 simul

40 2446 187 2482 officiat.
198 2450 313 2495 Itaque
324 2460 381 2482 nec
391 2447 448 2481 lux
458 2448 583 2481 ratione
592 2445 708 2481 caloris
718 2472 729 2490 ‚
739 2459 796 2481 nec
809 2447 866 2481 nix

51 2496 179 2529 ratione
191 2492 323 2541 frigoris
333 2494 414 2531 visui
424 2507 546 2530 noxam
555 2492 867 2542 inferunt.Qnam

0 2570 1 2574 ,
53 2554 163 2578 autem
183 2542 217 2577 id
237 2554 389 2590 peragant
417 2538 534 2592 paCto'‚
553 2540 687 2577 difficile
705 2554 869 2589 expiicatu

53 2591 187 2627 videtur
199 2592 381 2639 negotium,
394 2593 427 2625 in
440 2604 507 2640 quo
528 2603 595 2625 non
613 2588 801 2625 dubitarent
811 2603 870 2625 oc-

0 2637 2 2647 '
52 2639 214 2675 cultarum
224 2641 458 2687 proprietatum
468 2639 634 2675 architeffi
642 2637 683 2673 ad
692 2636 870 2676 naturalem

45 2688 199 2734 ,quamda
209 2688 410 2724 vehementis
429 2687 508 2723 lucis
519 2693 551 2724 δι
561 2686 649 2722 oculi
659 2688 872 2734 antipathiam

57 2748 230 2772 recurrere.
244 2743 323 2786 Q‘?
335 2738 487 2771 tamenin
497 2736 586 2785 asylo
606 2735 711 2771 nolim
723 2747 786 2782 ego
797 2748 871 2771 cum

58 2783 172 2821 multis
181 2784 324 2820 molliter
336 2787 430 2820 nimis
442 2790 474 2820 &
493 2784 598 2820 secure
617 2783 740 2833 semper
759 2786 870 2820 otiari:

57 2830 169 2880 potius
178 2831 290 2876 velim,
304 2833 413 2882 quoad
424 2834 457 2870 id
468 2832 558 2878 licet,
569 2834 603 2867 in
612 2845 723 2880 aperto
735 2831 873 2868 manife-

58 2880 178 2917 starum
189 2880 384 2929 qualitatum
392 2895 507 2930 campo
517 2895 569 2916 me
580 2881 748 2917 ostentare.

109 2933 158 2966 Ut
168 2928 232 2963 hoc
253 2929 332 2976 ergo
354 2929 407 2964 hic
424 2930 541 2965 faciam
553 2956 564 2974 ,
586 2940 802 2978 praenotatum
814 2941 872 2965 cu-

59 2978 165 3025 piam,
186 2975 291 3013 visum
313 2990 378 3013 non
388 2978 478 3026 perse
491 2985 522 3014 &
535 2978 721 3014 immediate
733 2979 807 3013 laedi
820 2976 873 3013 vel

61 3025 178 3060 destrui
197 3026 214 3061 ὲ
225 3025 365 3071 visibili,
384 3026 437 3062 sed
453 3025 559 3073 solum
571 3040 627 3076 per
647 3028 792 3063 accidens
804 3053 815 3071 ‚
837 3030 871 3061 &

65 3071 152 3122 quasi
164 3074 304 3110 mediate
315 3086 412 3124 atque
423 3075 576 3111 indirecte
587 3090 628 3111 ex
638 3074 765 3111 laesione
775 3088 872 3122 orga-

10 3148 11 3154 η
56 3123 97 3168 ¹,ni
109 3145 119 3168 ,
130 3123 149 3158 a
159 3135 227 3171 quo
239 3135 405 3174 tamquam
415 3125 433 3161 a
441 3122 584 3171 subje&o
600 3124 761 3174 dependet
770 3126 804 3161 in
814 3122 873 3161 eise

1265 209 1365 244 IV»

909 274 943 305 &
957 269 1158 307 conservari:
1180 268 1348 319 corruptio
1368 267 1487 306 etenim
1497 268 1669 305 accidentis
1680 273 1721 308 ad.

905 322 1149 367 corruptionem
1171 320 1300 366 subjeeti
1323 332 1378 368 per
1398 318 1544 353 accidens
1572 331 1723 364 vocatur,

906 379 973 400 non
982 366 1088 415 perse.
1102 371 1178 403 Hoc
1190 367 1296 402 nullus
1307 367 1389 402 mihi
1403 368 1567 414 negaverit
1577 392 1588 409 ,
1599 369 1655 415 qui
1668 368 1722 402 vel

1659 216 1716 241 121

902 416 1104 461 >primoribus
1114 415 1210 459 labris
1224 416 1465 463 Philosophiam
1477 414 1724 451 delibaritzPer-

906 474 952 508 go
970 465 1070 510 igitur
1080 464 1210 505 ulum&
1221 464 1311 507 dico,
1324 461 1423 498 solam
1436 462 1541 497 lucem
1552 465 1634 497 inter
1646 464 1724 499 vifi-

908 509 987 545 bilia
997 509 1119 547 visorio
1129 525 1254 559 organo
1262 514 1435 559 pernicicm
1445 507 1724 557 affeetarezlucem9

907 559 1063 607 inquam5
1087 561 1140 595 vel
1159 560 1290 607 proprie
1313 559 1452 602 dietim,
1472 559 1576 607 qualis
1597 560 1666 595 Soli
1689 570 1721 596 ὅ(

907 606 1036 653 ignibus
1046 609 1240 643 nostratibus
1251 608 1330 642 inest
1343 624 1352 648 3
1374 607 1424 642 vel
1437 606 1724 654 communicatam,

908 654 1037 703 qualem
1047 655 1225 691 sortiuntur
1237 656 1376 699 colores,
1385 654 1526 689 maxime
1535 654 1641 692 albori
1654 661 1726 692 Nec

908 704 988 738 vero
1002 704 1071 738 haec
1080 704 1236 752 posterior
1257 703 1314 738 lux
1324 712 1474 751 magnam
1485 717 1618 752 quoque
1630 705 1727 740 habit

908 752 1047 786 nocendi
1059 753 1246 799 potestatem
1258 778 1269 796 ‚
1291 751 1348 786 nifi
1370 752 1468 786 altera
1489 754 1517 785 ei
1529 752 1726 788 extrinsecus

908 796 1109 842 adsocietur3
1130 813 1164 835 ut
1178 800 1199 836 si
1220 800 1273 836 vel
1293 803 1348 834 nix
1374 799 1427 835 vel
1449 800 1617 834 candicans
1636 800 1727 838 aliud

910 848 1077 895 quidpiam
1098 848 1144 883 ob
1164 848 1249 884 Solis
1276 847 1526 884 illustrationem
1546 847 1728 896 resplende-

908 896 994 940 scatv,
1011 909 1082 932 tum
1101 896 1237 932 demum
1267 899 1406 945 acquirit
1425 897 1600 931 efficaciam
1620 896 1726 934 visum

909 943 1105 981 offendendi.
1118 946 1291 981 Sciendum
1298 957 1410 989 autem
1421 943 1545 991 insuper
1553 944 1608 988 est,
1619 945 1725 981 lucem

911 992 1034 1028 bellum
1045 1007 1155 1041 gerere
1166 1007 1241 1029 cum
1254 994 1385 1028 materia
1397 1019 1407 1035 ‚
1421 992 1458 1027 ad
1471 1006 1569 1040 quam
1582 994 1726 1041 appellit:

911 1044 1026 1077 nititur
1034 1045 1120 1077 enim
1132 1042 1278 1078 eamdem
1288 1040 1345 1077 fibi
1357 1040 1633 1084 affimila1e5more
1644 1042 1730 1078 alio-

911 1102 984 1125 rum
1005 1093 1172 1138 agentium
1193 1092 1399 1124 naturalium.
1423 1094 1539 1138 ltaque
1559 1093 1728 1127 materiam

913 1138 1063 1174 adoriens
1075 1165 1086 1183 ‚
1113 1141 1147 1173 in
1168 1142 1230 1187 qufi
1250 1151 1358 1173 rerum
1368 1137 1495 1172 estentia
1505 1136 1644 1173 confistit
1655 1165 1665 1182 ‚
1678 1153 1727 1175 res

911 1186 982 1221 illas
994 1190 1164 1222 interimit„
1187 1188 1228 1222 id
1250 1186 1287 1223 fit
1308 1190 1536 1221 extenuatione
1557 1191 1588 1220 ἃ
1601 1185 1730 1223 inflam-

913 1239 1056 1271 matione
1068 1261 1079 1280 ‚
1101 1250 1134 1270 ut
1160 1236 1237 1270 fiant
1249 1237 1360 1270 omnia
1372 1234 1429 1269 lux
1439 1259 1447 1268 .
1470 1234 1572 1284 Qd
1581 1233 1604 1269 fi
1614 1237 1647 1269 in
1660 1248 1731 1271 ma-

913 1287 1029 1319 teriam
1040 1285 1220 1333 quamiiuet
1231 1283 1288 1318 lux
1299 1284 1332 1318 id
1354 1294 1521 1323 exerceat3
1539 1283 1618 1330 crgo
1630 1286 1730 1321 etiam

913 1333 947 1365 in
957 1331 1091 1367 oculum
1104 1344 1111 1363 t
1136 1335 1216 1381 quin
1226 1332 1265 1366 eo
1278 1345 1311 1365 in
1323 1330 1424 1379 ipsum
1436 1333 1550 1376 magis,
1561 1331 1733 1380 quotenem

914 1381 982 1414 rior
993 1379 1036 1415 est
1055 1379 1292 1429 delicatiorque
1312 1378 1478 1427 particula.
1503 1380 1561 1416 Ob
1573 1393 1670 1428 quarn
1681 1392 1733 1416 te-
1751 1408 1756 1414 .

914 1430 1154 1472 nerimdinem,
1179 1428 1260 1463 lucis
1273 1430 1305 1462 in
1325 1429 1429 1462 retina
1442 1429 1549 1463 tunicii
1560 1427 1642 1463 fzieta
1653 1428 1732 1473 illu-

913 1475 1026 1513 stratio
1037 1476 1080 1512 est
1101 1478 1186 1512 aetio
1205 1489 1272 1512 non
1294 1475 1422 1511 tantum
1440 1475 1672 1523 superficiaria,
1695 1490 1733 1515 ut

914 1522 990 1560 cum
1000 1528 1114 1575 parieti
1126 1537 1212 1561 creta
1223 1524 1381 1560 affricatur
1391 1549 1402 1568 ‚
1428 1535 1482 1558 aut
1493 1522 1604 1559 lumen
1615 1528 1644 1560 ei
1652 1526 1733 1561 alla-

917 1571 1137 1619 bitur‚verum
1147 1576 1246 1610 etiam
1257 1572 1449 1622 qualitativa
1457 1583 1624 1619 penetrans
1636 1580 1666 1609 ὅ(
1679 1578 1733 1610 in..

916 1619 1041 1657 finuans
1050 1622 1080 1658 se
1092 1625 1125 1657 in
1146 1621 1241 1671 ipfius
1261 1623 1372 1656 retinae
1395 1633 1509 1668 corpus
1531 1626 1567 1655 a'c
1588 1619 1730 1668 spiritus:

916 1681 950 1703 ar
974 1682 1132 1715 umento,
1155 1671 1248 1720 quod
1268 1668 1357 1705 oculi
1368 1667 1521 1704 subtrasti
1532 1671 1549 1704 a
1563 1665 1736 1717 splendore

916 1683 986 1754 viso
998 1719 1010 1763 ,'
1029 1721 1207 1767 imaginem
1217 1718 1283 1765 ejus
1294 1719 1452 1752 retineant
1464 1716 1736 1765 &circumferant

916 1764 988 1802 satis
998 1769 1164 1804 interdum
1174 1768 1244 1803 diu.
1263 1767 1360 1804 Unde
1372 1765 1496 1812 colligo
1507 1791 1517 1809 ‚
1529 1767 1585 1813 qui
1596 1769 1736 1805 retinam

915 1813 998 1851 hanc
1007 1819 1151 1853 tunicam
1160 1818 1353 1852 teneriorem
1366 1818 1397 1849 &
1409 1812 1638 1850 senssbiliorem
1649 1819 1737 1853 naeu

918 1860 989 1899 sunt
999 1890 1011 1910 ‚
1032 1864 1165 1901 minime
1186 1864 1265 1900 lucis
1285 1861 1454 1899 occursum
1475 1861 1614 1910 perferre
1634 1864 1737 1911 posse:

941 1914 1036 1950 uibus
1047 1915 1159 1950 contra
1171 1913 1283 1949 eadem
1294 1911 1338 1946 est
1347 1912 1462 1947 durior
1474 1918 1504 1946 ὅ(
1520 1909 1620 1945 sensus
1633 1912 1737 1948 obtu-

916 1924 1020 2007 sioris,
1037 1962 1130 1998 hosce
1142 1961 1280 1998 firmiori
1288 1963 1358 1995 acie
1364 1956 1620 2007 constantiusque
1628 1959 1735 1998 lucem

916 2009 1034 2052 intueri
1048 2022 1105 2046 :ut
1122 2009 1239 2060 aquilis
1251 2009 1308 2045 esse
1319 2022 1418 2051 reor,
1440 2021 1512 2056 quae
1530 2005 1605 2042 fixis
1629 2009 1737 2045 oculis

918 2058 1029 2095 Solem
1040 2054 1218 2109 adspiciunt
1232 2073 1241 2093 ι
1264 2061 1343 2093 item
1354 2054 1558 2104 Philosophis
1570 2054 1635 2090 illis
1643 2056 1737 2094 fuisse

919 2105 969 2148 (si
981 2107 1105 2143 Plinius
1124 2120 1201 2144 vera
1220 2117 1327 2141 narret
1346 2105 1396 2140 lib.
1421 2119 1453 2151 7.
1475 2115 1537 2148 cap.
1563 2118 1595 2139 2.
1618 2107 1702 2153 >qui
1714 2109 1736 2143 ὲ,

917 2157 1026 2202 primo
1039 2156 1125 2192 Solis
1136 2166 1255 2191 exortu
1266 2154 1306 2190 ad
1318 2152 1466 2189 occasum
1479 2151 1578 2201 usque
1597 2154 1738 2199 perstan-

917 2213 978 2247 tes,
994 2209 1025 2239 ὃ(
1038 2204 1169 2241 alternis
1180 2203 1316 2253 pedibus
1326 2201 1460 2237 fervidae
1472 2213 1574 2235 arenae
1592 2198 1737 2237 infisten-

917 2261 977 2296 tes,
989 2252 1101 2289 Solem
1112 2265 1186 2288 toto
1196 2252 1250 2288 die
1261 2251 1408 2286 immotis
1419 2247 1524 2284 oculis
1533 2248 1737 2284 contueban-

916 2310 982 2336 tur0
988 2301 1051 2336 Vel
1061 2303 1126 2337 dici
1134 2300 1269 2349 potest‚a
1281 2298 1350 2334 luce
1361 2298 1438 2333 ideo
1448 2296 1522 2332 laedi
1534 2294 1631 2341 visus,
1642 2298 1737 2346 quod

917 2348 958 2382 ab
968 2350 1080 2385 eadem
1091 2347 1212 2385 intense
1219 2350 1386 2396 tingantur
1397 2345 1524 2395 spiritus
1532 2358 1597 2380 non
1605 2344 1737 2384 tantum

918 2393 1101 2442 influentes,
1109 2396 1162 2433 sed
1172 2398 1271 2432 etiam
1281 2397 1381 2431 innati
1393 2409 1403 2436 ;
1422 2405 1562 2444 quorum
1574 2391 1738 2440 profunda

919 2445 1059 2482 tinctura
1070 2445 1125 2482 vel
1136 2458 1316 2495 numquam
1326 2443 1382 2480 vel
1391 2442 1481 2479 tarde
1497 2440 1628 2477 eluitun
1653 2443 1737 2480 Haec

919 2493 961 2529 de
974 2492 1058 2531 luce.

971 2543 1027 2578 Ad
1037 2544 1203 2591 nigritiam
1214 2541 1306 2592 quod
1316 2542 1446 2578 attinet,
1466 2539 1522 2587 qui
1533 2536 1614 2574 alter
1626 2550 1737 2575 extre-

921 2604 992 2626 mus
1009 2590 1103 2627 color
1115 2592 1160 2627 est
1171 2617 1183 2636 ‚
1196 2596 1229 2626 &
1240 2587 1344 2625 visum
1354 2587 1470 2623 itidem
1485 2589 1675 2635 extinguere
1684 2587 1740 2624 di..=

922 2641 1018 2684 citur,
1028 2643 1072 2675 ita
1081 2639 1276 2675 censeomon
1287 2648 1482 2684 magnopere
1490 2634 1596 2671 visum
1606 2633 1739 2683 laedere,

921 2687 980 2723 nisi
1000 2688 1217 2735 adjungantur
1239 2687 1269 2720 ei
1289 2684 1443 2720 tenebrae.
1464 2684 1608 2719 Perdunt
1627 2697 1738 2723 autem

921 2736 1062 2771 tenebrae
1073 2733 1179 2770 visum
1197 2733 1341 2782 longiori
1353 2744 1500 2782 ternpore
1513 2751 1525 2778 5
1543 2745 1611 2767 non
1619 2743 1656 2767 ut
1666 2737 1741 2770 Gai-³

923 2782 1013 2819 lenus
1033 2781 1152 2830 scripsit
1176 2783 1227 2817 tib.
1253 2794 1281 2818 1.
1303 2782 1336 2817 de
1352 2782 1456 2832 sympt.
1473 2777 1550 2830 caus.
1571 2790 1632 2827 cap.
1655 2786 1689 2817 6.
1702 2786 1737 2818 δε

922 2830 1101 2880 subscripsit
1114 2830 1237 2866 Abuali
1247 2832 1299 2867 lib.
1314 2844 1346 2866 2.
1359 2837 1425 2866 Fen.
1438 2842 1468 2876 3.
1480 2831 1565 2865 trust.
1586 2842 1621 2875 4.
1630 2839 1690 2875 cap.
1704 2841 1737 2877 μ

924 2879 1065 2915 visivum
1075 2878 1223 2928 spiritum
1232 2878 1454 2927 extinguendo
1463 2903 1476 2923 ,
1497 2876 1658 2914 crassando
1668 2901 1680 2922 ‚
1701 2889 1740 2912 ac

923 2926 1130 2964 tenebrosum
1150 2927 1324 2973 efficiendo
1343 2943 1354 2970 3
1379 2926 1469 2962 nulla
1487 2928 1576 2963 enim
1595 2925 1739 2960 tenebris

925 2977 1072 3013 activitas
1095 2991 1104 3011 :
1122 2975 1176 3013 sed
1213 2978 1266 3011 uia
1276 2978 1310 3011 in
1327 2975 1467 3013 tenebris
1489 2973 1581 3009 cess'at
1603 2972 1738 3009 videndi

923 3026 1009 3061 aetio
1029 3051 1039 3067 ,
1061 2990 1239 3062 intermissa
1262 3025 1343 3061 vero
1366 3025 1491 3060 afflone
1511 3018 1663 3056 desuescit
1674 3018 1740 3068 spi-⁷

923 3075 1004 3109 ritus
1025 3075 1135 3109 venire
1159 3074 1201 3110 ad
1221 3086 1382 3121 organum
1393 3097 1404 3116 ‚
1429 3069 1578 3118 aegreque
1601 3067 1641 3102 ad
1652 3065 1738 3105 illud

922 3122 1020 3161 redit:
1033 3126 1065 3159 &
1076 3135 1118 3160 ex
1126 3120 1214 3160 illius
1228 3121 1443 3159 humestantis
1453 3116 1592 3155 absentia
1601 3112 1736 3152 ficcatufi

1342 3172 1416 3217 Q
1577 3174 1739 3213 organum·
