1990 3386
227 125 273 159 80
549 111 1605 157 VOP.1=0RTVNAT11>LEM1>11

228 178 482 218 Advertendum
497 193 616 226 autern,
630 185 752 217 vitrum
764 177 846 214 illud
857 175 1040 213 confestum

235 234 335 280 quam
358 231 507 279 proxime
529 230 675 265 aemulari
693 228 811 262 debere
832 224 920 261 oculi
940 225 1040 261 fabri-

229 292 312 323 cain,
324 293 358 314 ac
379 280 536 326 praecipue
558 279 704 312 humoris
724 273 1041 323 crystallini:sienim

232 330 355 363 vitrum
367 329 399 362 id
411 327 495 362 hunc
507 325 643 361 referens
655 324 753 374 paulo
771 323 948 371 oblongius
959 321 995 358 sit
1007 328 1039 358 &

230 377 369 420 crassius,
381 375 417 411 fit
429 375 566 410 omnino
579 387 611 409 re
637 373 815 409 raesentatio
825 376 941 415 effeta,
964 373 1041 420 quia

231 424 277 459 ob
300 437 450 470 magnam
476 425 508 457 in
530 387 633 458 densg
659 434 796 470 corpore
820 424 1041 456 continuatam

230 472 397 507 radiorum
417 469 642 506 refractionem
673 471 712 506 ad
744 467 1040 517 perpendicularem

231 530 429 555 concurrunt
442 525 472 554 &
487 517 516 554 se
526 519 685 554 decussant
707 516 810 553 rursus
822 516 873 552 seu
884 515 1038 552 resiliunt:
1052 550 1054 552 .

254 568 368 603 roinde
392 568 495 615 figura
516 569 630 612 erecta,
641 567 731 603 velut
754 568 843 601 extra
856 565 911 610 est,
924 578 1040 612 reprae-

225 581 518 664 (ZmaturSpeculo
528 629 610 652 cavo
620 615 771 652 foramini
782 612 933 662 opposito
943 615 1041 649 etiam

228 664 264 699 fit
277 666 360 699 rosta
375 663 582 711 objectorum
602 664 695 707 visio,
718 661 834 700 verum
853 662 886 697 id
908 675 973 697 non
984 674 1041 709 per

230 711 406 761 ssmplicem
429 711 751 760 repraesentationem,
775 722 806 746 at
820 723 874 758 per
884 708 1041 745 reflexio-

230 774 316 797 nem.
337 763 521 796 sanctonus
539 772 687 797 comment.
708 765 737 795 in
752 773 780 795 1.
803 766 858 793 Fen
866 759 1038 805 seusec'tton.

229 810 342 856 Avisen.
368 810 471 846 dicit:
495 809 517 845 si
550 807 667 857 species
688 807 840 852 visibiles,
868 819 1040 856 antequam

231 860 421 905 perveniant
442 859 481 893 ad
504 857 623 894 lentem
644 860 794 901 vitream,
815 855 975 891 transeant
985 869 1041 903 per

231 920 363 955 aquam,
376 908 409 940 in
422 905 506 942 lente
527 909 707 954 eriguntur,
733 911 765 941 ὃ(
778 905 817 940 ad
830 904 972 939 chartam
984 918 1041 939 ve—

230 957 446 999 niunt,ere5to
459 969 524 991 non
534 953 644 990 everso
666 952 735 990 situ.
759 952 915 988 Similiter
926 951 947 987 si
958 954 1041 988 inter

229 1002 375 1038 chartam
398 1009 429 1039 ὅ(
453 1002 637 1052 crystallum
660 1014 798 1051 ponatur
809 1004 933 1036 vitrum
946 1015 1039 1036 exca—

230 1062 356 1095 vatum,
369 1053 402 1086 in
413 1065 479 1101 quo
491 1065 572 1101 aqua
585 1050 621 1086 sit
633 1050 762 1087 inclusa.
777 1049 884 1085 Aliter
898 1052 996 1084 etiam
1006 1051 1039 1084 in

231 1098 367 1134 obscura
379 1101 506 1135 camera
530 1099 643 1148 figurae
665 1101 776 1135 ereotae
798 1098 1038 1134 exhibitionem

230 1146 341 1183 moliri
372 1149 525 1197 possimus
559 1148 689 1184 duobus
726 1145 923 1195 firnplicibus
946 1149 1039 1181 vitris

229 1198 399 1241 convexis,
423 1196 560 1231 alterum
579 1196 778 1244 imponendo
798 1194 939 1230 fenestrae
950 1193 1039 1231 fora-

229 1243 462 1288 mini‚alt-erum
470 1245 670 1280 continendo
681 1246 714 1279 in
724 1244 848 1279 camerti
859 1242 974 1287 debito
985 1241 1040 1279 lo·-

229 1295 343 1341 co:qui
352 1292 442 1327 locus
452 1306 507 1340 per
517 1295 777 1340 praetentationes
788 1305 854 1327 non
864 1290 1040 1327 'difficulter

227 1338 336 1378 scitur,
351 1344 401 1375 Fit
423 1352 531 1376 autem
564 1352 636 1377 tum
667 1342 772 1376 ereCia
790 1339 1039 1387 repraesentatio,

231 1390 307 1438 quia
317 1388 362 1424 ob
373 1388 548 1424 secundum
567 1391 691 1424 vitrum
715 1388 753 1424 fit
773 1401 861 1423 nova
875 1385 1039 1432 infraffio,

228 1437 319 1484 cujus
337 1439 439 1485 gratia
461 1436 536 1472 situs
555 1438 724 1473 radiorum
742 1436 851 1472 denuc>
881 1447 1037 1471 mntatur.

231 1490 279 1521 At
297 1485 375 1521 talia
395 1488 429 1520 in
458 1484 558 1520 oculo
580 1499 647 1522 non
667 1496 862 1526 occurrunt3
882 1495 997 1531 utpote
1006 1486 1040 1519 in

230 1547 301 1582 quo
311 1534 467 1568 humores
483 1532 578 1569 nullo
599 1533 774 1570 intervallo
792 1531 940 1569 disiuncti
955 1531 1042 1577 sunt,

232 1582 325 1631 quod
345 1581 390 1617 est
408 1581 612 1618 necessarium
623 1582 663 1618 ad
676 1580 904 1618 inversionem.
924 1585 1041 1630 Itaque

235 1635 269 1665 &
280 1643 343 1678 ego
355 1635 387 1664 &
398 1629 451 1675 alij
462 1629 612 1666 haetenus
621 1629 735 1667 frustra
745 1633 779 1665 in
788 1630 966 1677 figurarum
976 1642 1041 1664 ere-

233 1679 344 1713 &ione
362 1677 596 1715 laboravimus.
632 1680 728 1715 Vnde
748 1677 918 1714 necessario
937 1676 1045 1713 faten-

232 1726 326 1771 dum,
339 1730 370 1761 &
393 1727 568 1763 tenendum
586 1728 760 1764 certissimo
782 1727 838 1772 est,
863 1728 1045 1762 retinamin

233 1775 333 1810 oculo
344 1775 435 1824 aeque
446 1788 482 1810 ac
495 1777 529 1810 in
540 1775 644 1811 clausi
655 1776 779 1811 camera
799 1777 942 1813 chartam
951 1788 1046 1812 ever-

233 1822 267 1860 so
278 1823 338 1859 situ
354 1825 464 1858 omnia
471 1823 704 1872 repraesentare.

282 1872 468 1922 Qmodo
479 1873 572 1920 ergo,
598 1874 737 1922 inquies,
759 1886 826 1908 non
835 1874 946 1908 omnia
956 1874 975 1908 ὲ
985 1886 1047 1909 no—

237 1918 286 1955 bis
306 1918 419 1956 everso
439 1919 498 1955 situ
531 1920 792 1968 persentiuntur}
816 1919 1048 1969 Respondebat

238 1967 322 2003 olim
343 1968 425 2002 mihi
445 1967 668 2005 versatiffimus
691 1971 826 2019 quidam
846 1972 999 2018 Opticus,
1014 1976 1047 2006 ὅτ.

237 2017 353 2053 eadem
364 2016 424 2050 hac
434 2016 475 2051 de
484 2015 605 2051 visione
624 2016 778 2053 sententie
790 2018 949 2062 imbutus,
962 2019 1049 2065 judi-

234 2069 323 2102 cium
334 2063 477 2099 nostium
485 2066 859 2113 corrigeredepravatam
878 2068 1048 2120 piffituram⁰

241 2118 319 2160 Ego
328 2112 433 2147 nolim
444 2112 602 2159 judicium
619 2113 740 2161 semper
760 2115 799 2149 ad
816 2113 959 2150 sensilem
969 2115 1051 2150 hanc

241 2163 468 2209 cognitionem
478 2159 647 2197 accersere:
656 2160 831 2210 praesertim
841 2161 917 2197 cum
929 2165 962 2197 in
971 2175 1052 2209 pue-

240 2214 284 2246 ris
294 2210 327 2245 id
336 2211 491 2257 exiguum
502 2208 555 2253 sit,
564 2211 597 2244 in
609 2210 713 2246 brutis
733 2213 831 2246 etiam
844 2210 982 2251 nullum;
1002 2223 1053 2245 res

242 2272 370 2302 tamen,
388 2269 424 2293 ut
442 2256 526 2303 sunt,
537 2258 661 2294 vident:
685 2264 717 2294 δι
730 2272 788 2294 nos
830 2272 937 2308 uoque
948 2257 1051 2293 adulti

242 2306 421 2343 smedubio
439 2318 546 2342 rerum
559 2305 676 2353 figuras
699 2272 934 2355 cognoscimus,
952 2304 1053 2342 seclu-

244 2357 276 2391 ςὲι
288 2357 380 2390 omni
401 2357 590 2403 operatione
613 2357 737 2403 Judicij.
761 2359 813 2390 Sic
823 2357 923 2404 igitur
944 2354 1054 2391 existi-

245 2404 400 2439 mandum
419 2401 542 2438 censeo:
567 2416 765 2454 quamquam
787 2405 991 2452 objectorum
1003 2405 1055 2451 pi*

245 2454 333 2487 Crura
360 2454 393 2486 in
412 2450 573 2487 retiformi
595 2454 704 2489 tunic&
732 2453 1053 2501 repraesentatanobis

245 2513 288 2536 ex
309 2498 445 2535 adverso
462 2513 532 2534 earn
555 2500 666 2536 videre
676 2501 762 2545 visis,
782 2513 853 2537 tot-a
865 2507 896 2538 &
907 2511 1056 2535 cernatur

249 2553 280 2583 &
295 2548 453 2593 iudicetur
465 2547 585 2593 eversa,
596 2548 729 2585 facultas
742 2561 848 2586 tamen
860 2547 1054 2597 cognoscens

245 2596 298 2632 seu
308 2594 412 2630 sensus
424 2600 606 2632 communis
617 2600 739 2634 nonita
749 2613 765 2634 a
775 2636 778 2640 ,
789 2599 970 2647 prehendit.
986 2599 1056 2633 Ra-

247 2646 297 2680 tio
308 2643 361 2687 est,
374 2646 448 2691 quia
458 2643 591 2679 facultas
613 2645 681 2682 haec
701 2611 810 2683 versus
834 2646 1000 2682 cerebrum
1009 2644 1056 2680 se-

249 2693 325 2729 dem
348 2691 497 2727 obtinens
523 2705 589 2727 non
610 2694 707 2730 habet
725 2695 782 2732 fibi
795 2698 952 2744 picturam
965 2692 1056 2730 illam

248 2738 425 2780 adversam3
435 2752 507 2774 nam
517 2745 754 2779 cavum-recinae
776 2743 949 2780 introrsum
961 2744 993 2776 in
1004 2755 1057 2777 ca—

248 2799 307 2838 put
316 2789 437 2834 vergit,
455 2792 486 2820 &
508 2789 596 2839 retro
620 2802 733 2827 cavum
757 2791 992 2828 illud-facultas
1002 2788 1058 2825 sita

249 2837 304 2873 est.
320 2834 416 2870 Vnde
438 2847 478 2869 eo
501 2837 566 2870 sere
598 2838 701 2873 modo
720 2843 853 2889 concipe
871 2840 1058 2876 facultatem

249 2884 437 2921 sentientem
448 2884 585 2930 picturas
597 2888 633 2918 in·
656 2887 755 2922 oculo
775 2888 975 2935 dignoscere,
990 2900 1059 2936 quo

254 2947 312 2969 nos
324 2934 356 2966 in
376 2930 482 2966 clausi}
505 2933 629 2967 camer'a
651 2935 805 2982 imagines
824 2939 1058 2984 perciperemus

250 2981 340 3017 retro
351 2979 495 3015 chartam
506 2980 630 3024 stante5‚
640 2985 671 3014 ὃς
681 2982 813 3030 desuper
830 2986 862 3019 in
871 2998 942 3019 eam
955 2984 1060 3033 despi-

251 3036 384 3067 cientes:
394 3026 436 3064 fic
445 3029 532 3066 enim
541 3040 652 3064 omnia
662 3042 697 3064 ea
720 3029 824 3079 figura
842 3030 979 3081 situque,
991 3045 1059 3082 quo

1096 172 1176 210 foris
1189 174 1263 211 vere
1275 172 1358 219 sunt,
1381 171 1662 220 cognoscerentur.
1677 171 1740 215 Sic,
1751 171 1783 206 in
1795 182 1906 220 quamf

1098 222 1198 259 visiva
1219 225 1332 258 animae
1354 220 1491 271 potestas
1510 233 1576 255 non
1608 233 1651 255 ex
1673 218 1832 264 obverso,
1852 218 1906 254 sed

1096 270 1183 319 quasi
1204 270 1335 319 desuper
1365 271 1556 320 pieturatam
1585 267 1785 304 retiformem
1803 265 1908 315 inspe-

1096 321 1195 365 etam,
1206 323 1317 361 omnia
1336 319 1461 365 obieeta
1482 320 1514 352 in
1536 318 1610 352 versi
1629 316 1698 360 illst,
1709 330 1807 365 quam
1817 327 1909 352 extra

1097 367 1230 405 oculum
1252 367 1510 412 habent‚staturfi
1523 365 1778 413 comprehendit.
1801 372 1908 412 Dein-,-

1097 415 1138 450 de
1149 416 1233 453 visus
1246 430 1313 452 rem
1332 431 1371 452 eo
1381 416 1456 451 loco
1477 414 1699 463 apprehendit,
1719 429 1787 465 quo
1799 420 1908 455 radius·

1095 461 1278 502 formaliter
1305 464 1454 509 visorius,
1476 464 1498 500 si
1522 462 1770 511 produceretur,
1786 469 1905 504 exiret.

1098 510 1189 556 Cum
1211 516 1310 563 igitur
1332 516 1366 569 ³2
1389 514 1563 548 contrarias
1583 523 1687 560 partes
1696 509 1908 561 semperfera-

1095 569 1160 605 tur,
1172 561 1246 597 hinc
1267 562 1322 598 ista
1341 560 1471 597 visionis
1496 561 1659 596 tendentia
1673 565 1705 596 &
1728 564 1907 611 apprehen-

1094 605 1191 644 sionis
1201 609 1353 645 sensitiva:
1366 623 1440 645 cum
1451 609 1560 645 charta
1579 609 1769 645 dissonantia
1788 613 1907 649 enasci-

1095 666 1159 692 tur.
1174 662 1355 706 Imaginare
1367 660 1453 693 enim
1464 660 1643 706 potentiam
1664 657 1800 694 visivam
1811 662 1844 695 in
1854 660 1907 697 su-

1094 707 1221 751 periore
1232 709 1341 744 retinae
1352 718 1439 754 parte
1450 706 1540 742 fitam
1552 723 1561 749 ;
1576 710 1661 743 ¹item
1673 705 1762 743 sitam
1773 710 1805 742 in
1816 721 1906 757 parte

1095 751 1247 790 inferiore
1259 781 1269 799 ‚
1286 761 1317 792 &
1331 760 1370 790 ab
1383 766 1518 804 utraque
1539 754 1594 791 illa
1614 757 1759 804 potentia
1778 756 1852 792 duci
1863 757 1906 794 li—

1095 813 1187 836 neam
1199 805 1315 839 rectam
1327 808 1360 840 in
1370 802 1546 850 0b1eetum.
1560 809 1592 840 A
1603 804 1762 853 superiore
1771 807 1906 855 quidem

1095 851 1204 901 retinae
1216 864 1304 900 parte
1316 867 1381 888 non
1392 853 1494 902 potest
1506 853 1563 889 nisi
1583 856 1616 890 in
1625 854 1770 891 infimam
1778 868 1904 904 partem

1095 898 1214 951 oblecti
1227 901 1302 936 duci
1315 902 1398 938 linea
1419 903 1523 944 recta3
1548 908 1580 938 &
1602 903 1642 938 ab
1661 903 1816 941 inferiore
1836 919 1905 943 non

1095 948 1152 981 nisi
1163 949 1195 981 in
1207 947 1395 997 supremam.
1411 951 1565 1000 Cumt‘1ue
1589 951 1671 988 visio
1683 953 1738 989 fiat
1751 952 1841 990 lineis
1851 968 1906 990 re-

1095 995 1153 1029 &is
1166 1023 1176 1040 ‚
1191 1010 1256 1031 non
1267 999 1370 1046 potest
1381 998 1449 1034 fieri
1472 999 1587 1045 aliter,
1606 1005 1686 1051 quin
1707 1004 1724 1038 a
1743 1000 1905 1051 superiore

1095 1045 1206 1080 retinae
1222 1058 1310 1093 parte
1321 1046 1534 1095 cognoscatur
1554 1062 1625 1097 pars
1638 1049 1757 1097 objeeti
1779 1053 1904 1098 infima,

1095 1095 1127 1125 ὅ(
1141 1092 1343 1130 abinferiore
1355 1109 1425 1144 pars
1445 1096 1565 1142 objesti
1586 1096 1742 1147 suprema.

1143 1143 1302 1190 Keplerus
1316 1158 1381 1180 non
1400 1143 1528 1180 tantum
1551 1145 1710 1184 inversam
1719 1147 1757 1183 hi
1760 1160 1776 1181 c
1786 1146 1842 1183 esse
1852 1150 1904 1196 pi·-

1093 1188 1230 1235 &uraim
1242 1190 1358 1228 verum
1370 1195 1468 1228 etiam
1489 1193 1646 1230 inversam
1665 1196 1833 1232 necessario
1844 1196 1908 1233 esse·

1093 1235 1224 1283 debere,
1235 1241 1430 1276 demonstrat
1441 1255 1481 1276 ex
1493 1254 1604 1278 natura
1623 1242 1767 1289 visionis,
1779 1258 1850 1294 quae
1860 1259 1902 1281 ex

1093 1296 1182 1330 parte
1201 1288 1350 1371 csiuae'dam
1371 1289 1415 1325 est
1434 1291 1543 1338 passio:
1565 1294 1599 1326 in
1606 1293 1746 1340 paffione
1755 1297 1854 1339 enim,
1866 1304 1904 1330 ut

1094 1334 1165 1369 loca
1174 1348 1207 1371 re
1223 1337 1396 1386 pondeant,
1410 1340 1562 1386 patientia
1586 1341 1754 1388 agentibus
1764 1341 1781 1376 ὲ
1792 1344 1905 1391 regio-

1094 1394 1134 1415 ne
1144 1396 1275 1431 oportet
1286 1383 1343 1420 esse
1363 1386 1520 1434 opposita.
1544 1391 1636 1424 Tum
1647 1402 1754 1425 autem
1764 1391 1904 1439 perseste

1093 1427 1164 1464 sunt
1176 1431 1418 1481 locaopposita,
1440 1433 1517 1470 cum
1535 1437 1623 1472 idem
1642 1449 1787 1474 centrum
1799 1440 1906 1476 medi-

1094 1488 1151 1512 um
1160 1480 1352 1517 estinlineis
1373 1482 1616 1531 oppositionum
1635 1487 1800 1531 omnibus,
1812 1487 1905 1537 quod

1095 1538 1163 1560 non
1173 1541 1240 1565 erat
1249 1529 1411 1576 futurum,
1419 1530 1441 1567 si
1451 1533 1574 1581 pfflura
1592 1536 1695 1568 erecta
1705 1533 1819 1572 fiiiss‘et.
1836 1541 1907 1572 Ita-

1095 1579 1213 1622 quein
1241 1577 1364 1614 inversa
1389 1582 1512 1628 pictura
1538 1579 1594 1617 etsi
1633 1583 1854 1619 universaliter
1871 1589 1908 1620 &

1096 1623 1238 1675 respectu
1248 1633 1431 1666 communis
1450 1631 1585 1679 alicujus
1604 1631 1697 1668 lineae
1706 1634 1820 1671 dextra
1831 1634 1909 1672 sini-

1097 1674 1168 1712 stris
1188 1690 1424 1727 permutantur:
1446 1680 1561 1717 dextra
1583 1692 1690 1717 tamen
1708 1686 1754 1719 rei
1783 1685 1911 1723 dextris

1098 1726 1244 1772 pieturae,
1255 1733 1286 1763 &
1298 1727 1408 1778 supera
1417 1731 1464 1765 rei
1485 1729 1606 1779 superis
1627 1731 1758 1779 pieturae
1773 1732 1844 1776 (sui
1857 1735 1911 1782 ip-

1099 1771 1160 1809 slus
1179 1773 1319 1825 respectu
1332 1782 1346 1820 )
1357 1777 1496 1826 peffecte
1516 1791 1739 1828 opponuntur,
1758 1780 1837 1817 sicut
1856 1794 1916 1819 ca·-

1101 1835 1182 1859 vum
1200 1838 1294 1862 cavo.
1317 1829 1389 1862 Nec
1410 1840 1514 1863 metus
1537 1829 1593 1872 est,
1611 1839 1647 1864 ut
1668 1831 1701 1863 in
1724 1828 1817 1878 plaga
1825 1842 1913 1868 erret

1102 1870 1200 1915 visus;
1211 1887 1281 1910 rem
1291 1876 1379 1911 enim
1404 1874 1576 1912 sublimem
1596 1879 1732 1913 intuitus
1746 1878 1915 1916 manifeste·

1102 1917 1223 1957 sursum
1256 1926 1355 1959 vertit
1385 1924 1521 1970 oculos,
1544 1924 1683 1961 humiles
1701 1925 1854 1962 confessus
1876 1933 1912 1963 &

1103 1969 1271 2017 oppofitos
1280 1975 1324 2007 rei
1339 1973 1432 2008 caus&
1445 1973 1522 2010 loci.
1538 1972 1673 2010 Erraffet
1682 1972 1914 2023 potiusssrecffffi

1104 2016 1259 2056 existente
1279 2022 1416 2069 piifturci:
1435 2020 1553 2058 alicubi
1573 2024 1660 2057 enirn
1681 2023 1916 2059 oculiinterior

1105 2069 1207 2116 paries
1221 2068 1418 2116 ob‘ilceretur
1438 2073 1483 2106 rei
1503 2070 1639 2115 directe,
1657 2070 1778 2107 alicubi
1786 2085 1864 2117 non,
1876 2083 1915 2108 ut

1106 2115 1300 2160 &lateribu53
1320 2117 1496 2155 declinaret
1515 2122 1602 2155 enim
1621 2118 1662 2155 ab
1696 2119 1915 2170 oppositiones*

1107 2165 1200 2211 Ergo
1213 2176 1280 2201 tam
1291 2167 1493 2203 necessarium
1504 2168 1559 2211 est,
1572 2167 1679 2202 radios
1691 2169 1725 2204 in
1734 2166 1915 2216 oppositam

1107 2214 1223 2246 tunicae
1233 2215 1343 2248 retinae
1354 2224 1477 2261 partem
1487 2216 1607 2263 praevifi
1630 2215 1843 2252 demiratione
1854 2216 1916 2251 de·

1098 2262 1232 2304 venire,
1244 2272 1291 2306 ut,
1303 2260 1325 2297 si
1336 2261 1400 2297 hoc
1411 2275 1482 2298 non
1496 2263 1566 2308 fiat,
1586 2275 1654 2299 rem
1666 2263 1805 2300 omnino
1815 2262 1917 2300 trans-

1108 2318 1241 2356 ponant.

1159 2360 1205 2392 Et
1228 2357 1398 2393 advertant
1416 2368 1565 2393 motores
1581 2358 1676 2406 hujus
1699 2359 1919 2405 difficultatis,-

1134 2404 1360 2441 uomodocum
1386 2421 1425 2442 ue
1451 2406 1584 2443 tandem
1603 2407 1645 2444 de
1666 2408 1801 2444 videndi
1811 2408 1918 2445 modo

1108 2418 1273 2498 sinuatur,
1287 2454 1388 2490 modo
1409 2453 1583 2503 specierum
1603 2456 1774 2502 ejaculatio
1796 2456 1918 2493 admit-

1110 2511 1210 2545 tatur,
1221 2500 1343 2550 semper
1364 2502 1456 2538 illam
1470 2503 1638 2541 radiorum
1649 2504 1917 2550 intersectionem,

1111 2561 1208 2598 atque
1219 2551 1253 2584 in
1275 2554 1435 2587 contraria
1454 2550 1527 2586 loca
1543 2553 1781 2600 protensionem
1799 2553 1918 2589 consti-

1111 2600 1159 2633 tui
1171 2597 1301 2643 debere,
1312 2600 1352 2635 eo
1365 2600 1457 2649 quod
1469 2598 1532 2648 ipsa
1543 2600 1641 2637 ctiam
1652 2615 1692 2637 ex
1701 2612 1789 2650 parte
1802 2603 1848 2637 rei
1858 2614 1918 2637 ex-

1112 2657 1164 2681 tra
1175 2644 1309 2682 oculum
1329 2650 1362 2683 in
1372 2651 1464 2684 omni
1479 2649 1630 2697 diaphani
1649 2652 1769 2698 punsto
1791 2648 1831 2684 ab
1842 2663 1917 2685 om-

1112 2694 1208 2729 nibus
1228 2698 1260 2729 &
1286 2696 1420 2744 quidem
1443 2699 1622 2734 necestitate
1642 2709 1763 2733 naturae
1785 2697 1916 2734 admitti

1112 2741 1240 2786 debeat,
1252 2754 1286 2778 ut
1306 2756 1392 2791 patet
1412 2746 1445 2779 in
1456 2744 1629 2794 specierum
1652 2758 1707 2801 per
1716 2758 1854 2794 parvum
1863 2744 1919 2782 fo-

1113 2802 1222 2825 ramen
1242 2792 1487 2835 inti-omiffion03
1510 2799 1542 2829 δε
1573 2791 1594 2828 fi
1613 2797 1675 2843 ipsa
1696 2806 1845 2841 negetur,
1862 2805 1919 2830 aut

1113 2839 1215 2873 rectus
1227 2839 1392 2876 radiorum
1403 2840 1521 2886 cursus,
1533 2852 1586 2877 aut
1595 2840 1920 2890 refrafflonumleges
1943 2873 1948 2877 i
1988 2844 1990 2849 ’

1114 2884 1270 2930 sistentur,
1281 2899 1337 2922 aut
1356 2887 1442 2925 visio
1459 2892 1584 2937 penitus
1603 2889 1720 2926 vitiosa
1730 2890 1924 2932 adstruetur3-

1115 2935 1206 2982 quod
1239 2933 1438 2973 Clarissimus
1466 2938 1655 2974 Scheinerus
1683 2937 1831 2987 pluribus
1859 2937 1920 2973 de·-

1115 2983 1322 3019 monstrativa·
1333 2985 1471 3021 ostendit
1487 2988 1521 3020 in
1540 2989 1678 3023 Fundam.
1698 2989 1815 3032 Opticae.
1825 2984 1920 3022 Idem

1115 3034 1196 3079 quin
1220 3033 1318 3068 etiam
1349 3033 1599 3071 decussationem
1629 3035 1721 3073 illam
1751 3033 1919 3116 radioruiln

1777 3094 1812 3121 m
1821 3094 1883 3118 ocu
1897 3091 1926 3119 θ’
