1990 3386
414 126 1338 173 OPHTHALMOGRLL1B411.
1564 141 1569 144 ’
1674 145 1713 181 7³

55 194 125 230 'visu
136 195 257 241 ju‘dic03
268 197 301 228 &
323 205 440 242 corpus
461 193 524 229 hoc
542 193 599 228 effe
609 191 719 228 album
732 196 763 226 ὃ(
776 204 854 240 pro-

55 245 110 291 pin
136 258 221 279 uum.
246 241 350 291 Q9d
377 242 511 291 quidem
539 241 649 276 album
669 240 733 285 est,
754 239 854 288 specie

55 257 200 328 candoris
219 290 332 327 sentio:
357 291 448 339 quod
469 292 687 338 propinquum
712 287 760 332 (si
773 287 854 324 nihil

56 339 97 374 de
107 338 205 375 oculis
224 339 346 387 prodiit
368 339 408 374 ad
418 352 485 374 rem
505 337 678 373 videndam
692 340 705 378 )
718 350 784 372 non
795 337 854 372 ali-

56 397 103 421 ter
121 387 221 436 potest
241 388 357 432 videri,
381 388 480 436 quam
499 397 553 420 aut
573 385 672 432 specie
693 386 768 430 alifi,
799 397 855 421 aut

54 433 139 471 illius
148 434 288 480 ejusdem
308 433 419 484 speciei
442 434 545 469 modo
568 435 643 469 alio.
659 434 720 469 Sed
735 435 853 469 horum

54 480 238 519 alterumest
248 483 432 528 ridiculum,
454 482 590 517 alterum
612 481 737 518 falsum:
763 484 854 532 quod

54 532 138 565 enim
167 531 322 567 distantiae
351 543 404 566 aut
434 532 685 580 propinquitatis
719 530 756 566 {it
777 545 855 579 pro-

52 580 119 625 pria
136 577 262 627 species,
282 580 326 615 est
335 579 520 621 ridiculum;
539 580 629 628 quod
641 578 769 615 diverso
781 594 855 615 mo-

54 626 99 661 do
120 626 149 663 se
169 627 287 663 habens
306 629 417 664 eadem
440 627 559 663 coloris
590 625 704 675 species
739 641 856 676 reprae-

53 671 152 710 sentet
178 679 453 725 propinquitatem
484 682 537 710 aut
566 676 748 712 distantiam
765 701 775 720 ,
802 690 856 712 ca-

53 734 101 757 ret
121 735 266 760 veritate.
290 729 377 760 Nam
398 725 479 773 quid
500 724 588 760 aliud
608 724 725 759 habere
751 727 855 772 potest

52 761 164 818 species
185 786 227 807 ex
251 772 352 809 multa
370 774 518 809 distantia
550 773 590 808 ad
610 772 744 807 oculum
764 777 856 809 veni-

53 832 119 863 ens,
146 822 243 869 quam
263 835 303 857 ex
324 830 437 870 parva}
467 833 680 870 praeterquam
703 822 794 872 quod
815 836 855 858 ex

53 867 154 903 mult&
174 868 321 906 distantia
343 871 498 906 remissior
527 870 589 916 jam
620 869 733 905 oculos
758 874 857 906 attin-

52 926 118 962 get,
138 930 178 951 ex
197 920 295 965 parv&
325 921 433 955 veniet
465 917 627 954 intensior.
665 920 727 954 Sed
751 922 857 954 inten-

53 962 116 999 fior
134 963 250 1013 species
272 966 430 1004 intensum
452 967 556 1002 videri
579 966 673 1002 faciet
694 966 857 1014 colorem,

53 1024 118 1046 non
129 1017 360 1066 propinquum3
385 1017 539 1052 remissior
559 1016 779 1061 reniiffiorem,
790 1030 856 1052 non

52 1059 285 1100 distantiorem.
308 1067 416 1113 Igitur
435 1063 524 1099 nulla
553 1065 607 1099 via
628 1063 732 1107 restat,
753 1075 787 1099 ut
806 1066 859 1100 di-

52 1107 164 1145 stantia
186 1116 218 1146 &
237 1115 460 1162 propinquitas
484 1113 587 1147 videri
611 1112 739 1159 possint,
754 1126 859 1162 neque

54 1169 91 1191 ut
124 1160 273 1195 videatur
302 1160 495 1209 magnitudo
530 1162 639 1195 etiam.
674 1162 772 1195 Dices
789 1161 859 1196 for-

53 1205 138 1241 tasse:
165 1211 290 1255 Species
312 1207 511 1257 repraesentat
541 1220 614 1242 cum
636 1210 860 1254 magnitudine

54 1254 194 1301 quadam
215 1261 247 1291 δι’
268 1256 460 1292 extensione.
484 1259 532 1291 Sit
562 1259 617 1291 ita:
639 1254 691 1291 sed
715 1258 860 1306 intellige

52 1303 133 1337 mihi
153 1303 220 1338 duo
241 1318 387 1354 corpora,
410 1317 551 1353 quorum
572 1304 708 1339 alterum
727 1303 763 1339 fit
785 1319 861 1340 om-

53 1352 131 1387 nino
151 1365 298 1400 parvum,
317 1353 370 1391 sed
388 1354 533 1389 maxime
561 1355 792 1401 propinquum;
813 1353 862 1388 al-

52 1410 159 1437 terum
179 1415 346 1451 magnum,
365 1400 417 1436 sed
438 1414 614 1437 remotum:
639 1400 707 1444 fiet,
730 1412 766 1435 ut
789 1415 861 1436 ma-

53 1448 277 1495 joremlocum
297 1453 329 1485 in
348 1448 447 1485 oculo
469 1461 604 1498 occupet
625 1448 740 1496 species
766 1451 859 1497 parvi

48 1498 211 1545 corporis,
235 1502 334 1549 quam
355 1499 475 1545 magni.
506 1503 596 1535 Nam
614 1496 730 1546 species
752 1501 858 1545 pirvi,

53 1549 128 1594 quia
150 1550 371 1597 propinquum
391 1547 447 1590 est,
468 1546 617 1595 implevit
638 1544 794 1594 pupillam
805 1550 861 1581 to-

50 1595 129 1637 hm3
148 1598 270 1644 magni,
287 1598 363 1645 quia
382 1594 428 1630 est
455 1607 632 1638 remotum,
652 1594 728 1629 cuin
745 1592 861 1641 species

49 1641 171 1692 semper
199 1645 309 1680 tendat
338 1646 374 1679 in
401 1654 545 1688 acutum,
578 1641 705 1678 fortasse
725 1641 860 1679 alteram

52 1691 183 1740 pupillae
203 1703 327 1742 partem
345 1706 413 1728 non
436 1690 600 1739 implebit:
623 1702 737 1726 tamen
766 1691 861 1726 vide-

51 1752 124 1776 mus
134 1740 197 1776 hoc
217 1755 372 1789 magnum
391 1739 461 1785 effe,
479 1739 562 1775 illud
583 1752 732 1788 parvum,
746 1752 863 1788 quam-

52 1801 152 1837 quam
172 1788 267 1836 hujus
287 1788 426 1838 speciem.
450 1788 632 1824 hauriamus
661 1787 766 1823 oculis
786 1801 861 1824 cum

52 1836 166 1882 majori
185 1837 379 1882 extensione,
405 1835 493 1872 illius
517 1850 593 1872 c-um
623 1838 756 1872 minori.
791 1838 862 1884 Igi-

51 1893 106 1919 tur
116 1885 205 1922 nulla
224 1887 268 1923 est
288 1886 463 1922 commoda
481 1888 535 1921 via
554 1884 689 1921 videndi
711 1884 861 1920 distanti-

50 1945 104 1978 am
125 1939 157 1969 &
179 1935 446 1983 magnitudinem.
469 1936 548 1969 Haec
567 1932 651 1976 sunt,
673 1946 744 1981 quae
759 1935 810 1968 vir
821 1932 862 1968 il-

49 1978 81 2015 le
91 1995 324 2019 commemorat
335 1996 426 2019 more
436 1982 492 2018 suo
506 1987 536 2018 δι
548 1982 728 2031 graviffime
741 1986 772 2016 &
785 1995 863 2017 acuc-

50 2029 177 2066 tiffirne.
311 2071 315 2074 ⁶
534 2071 537 2075 ⁴

102 2078 257 2115 Cafferius
278 2079 480 2116 Placentinus
501 2079 551 2116 lib.
583 2084 612 2125 ς.
644 2088 706 2123 σαψ,-
738 2080 862 2125 48.,ἰῖ;ῑ

51 2126 141 2162 idem
160 2120 289 2176 probati
312 2133 427 2176 Imago
462 2126 514 2164 seu
544 2127 659 2176 species
681 2126 800 2172 objecti
821 2128 862 2163 ad

51 2177 206 2211 extimam
226 2174 332 2213 solum
352 2176 440 2212 oculi
467 2176 667 2225 superficiem
701 2179 862 2223 pervenit,

53 2227 204 2259 &tamen
223 2225 368 2262 intimius
389 2227 423 2259 in
442 2225 541 2261 oculo
562 2223 643 2261 vifio
663 2223 856 2258 absolvitur:

52 2273 219 2308 necessario
252 2276 352 2322 igitur
382 2272 466 2309 visus
494 2288 560 2310 non
591 2272 658 2308 sola
701 2275 862 2319 receptio-

52 2333 92 2354 ne
101 2320 276 2368 perficstur,
297 2323 348 2360 sed
370 2321 493 2371 aliquid
513 2335 604 2359 extra
625 2319 758 2356 oculum
769 2333 863 2368 egre-

54 2368 165 2414 ditur,
196 2383 251 2417 per
279 2373 369 2419 quod
414 2373 562 2419 imaginis
603 2373 759 2419 particeps
790 2368 858 2404 liat.

54 2416 217 2462 Maiorem
236 2417 278 2454 fic
297 2420 445 2456 roborati
468 2420 627 2454 Videmus
648 2431 768 2462 rerum,
783 2429 861 2465 quas

54 2464 228 2510 intuemur,
246 2469 401 2514 imagines
421 2469 454 2503 in
473 2464 637 2515 superficie
657 2479 781 2501 corneae
794 2467 863 2501 hae—

54 2525 134 2553 rere;
157 2515 235 2561 ergo
257 2515 390 2551 oculum
410 2528 476 2551 non
509 2518 686 2550 introeunt.
710 2518 782 2550 Nec
804 2527 862 2549 ve-

55 2561 94 2596 ῐὸ
104 2563 168 2597 dici
191 2563 307 2610 potest,
324 2563 420 2600 aliam
439 2563 496 2599 esse
517 2562 665 2611 speciem,
687 2576 759 2611 quae
781 2564 863 2596 ima-

56 2611 166 2657 ginem
194 2610 285 2647 illam
313 2611 412 2647 oculo
443 2614 629 2660 imprimat,
650 2609 745 2646 aliam
767 2610 860 2653 veno,

58 2671 129 2707 quae
163 2658 297 2696 oculum
330 2661 510 2708 ingreditur
544 2665 577 2695 &
611 2658 769 2696 visionem
790 2671 865 2692 mo-

57 2716 124 2741 veti
145 2710 221 2742 Hoc
239 2711 326 2745 enim
347 2708 473 2744 absurdi
495 2707 627 2756 plenum
643 2707 698 2742 est:
712 2720 812 2741 unum
824 2704 865 2740 fi·-

57 2755 190 2803 quidem
210 2755 374 2803 objectum
403 2759 532 2793 unicam
557 2755 687 2791 tantum
706 2758 723 2792 ὲ
745 2754 775 2790 se
796 2753 866 2803 spe-

57 2815 140 2838 ciem
161 2805 292 2849 emittit,
314 2811 345 2841 &
367 2805 479 2841 eadem
498 2804 543 2839 est
564 2804 633 2848 illa,
655 2818 727 2888 quae
749 2806 866 2851 imagi·
892 2828 896 2829 γ

57 2858 132 2887 nem
152 2851 367 2899 repraesentat,-
387 2860 419 2890 &
442 2853 497 2888 illa
509 2876 523 2897 5
542 2866 612 2901 quae
622 2855 654 2888 vi
673 2866 728 2887 um
739 2861 866 2887 movet„-

109 2904 253 2943 Caeteraj
292 2915 340 2936 uae
353 2905 370 2939 a
393 2901 635 2950 vulgatioribus
653 2900 792 2936 Medicis
805 2901 866 2934 ob-

57 2951 252 2994 ganniuntur
262 2915 302 2984 dle
314 2949 444 2995 fascino,
458 2951 498 2986 de
509 2950 719 2993 menstruatis,
732 2949 772 2984 de
783 2947 868 2995 oph-

58 2995 221 3032 thalmicis
248 2998 389 3035 trivialia
420 2999 506 3043 sunt,-
536 3005 567 3034 δι
581 3001 599 3034 a
611 2999 727 3047 quovis
740 2997 870 3031 Aristo„

59 3043 160 3082 tel-icae
190 3044 362 3095 disciplinae
394 3047 572 3097 tyrunculo
603 3045 696 3084 facile
735 3044 869 3081 dissolu-

908 193 996 229 bilia.
1012 198 1118 243 Igitur
1138 211 1210 246 quae
1230 195 1324 232 allata
1349 194 1607 244 suna-tamquam
1619 212 1717 246 argu-

907 243 1035 293 tiofa&
1059 247 1243 292 urgentiora
1264 243 1440 293 expendisse
1462 258 1514 280 me
1537 245 1715 282 &refellis-

906 287 1090 326 seiufficiat.
1104 293 1145 328 Id
1157 294 1247 342 quod
1258 292 1298 328 sic
1308 293 1432 329 ordior.
1533 332 1534 335 Ἰ
1557 331 1559 335 ,

957 337 1103 375 Primum
1133 341 1252 377 Galeni
1282 349 1506 389 argumentum
1538 341 1580 377 de
1607 354 1716 378 rerum

909 387 1098 433 magnarum
1110 388 1230 424 vilione
1242 390 1360 424 urbane
1385 401 1550 439 retorquet
1564 390 1718 425 Zabarel-

907 430 937 465 la
951 434 1130 489 hocpafto.
1154 442 1194 471 In
1214 437 1385 485 phantasia,
1409 451 1480 486 quae
1502 452 1603 486 pai-vo
1615 437 1718 486 spatio

881 505 883 508 ψ
907 481 941 514 in
952 495 1055 530 capite
1065 483 1206 520 hominis
1219 484 1438 529 concluditur,
1456 490 1609 535 rccipitur
1624 501 1720 522 mon-

908 530 948 562 tis
973 533 1165 579 magnitudo
1183 560 1192 574 ‚
1214 535 1426 581 imaginamur
1446 537 1533 570 enim
1555 537 1719 582 magnitu-

908 576 1017 613 dinem
1038 583 1170 625 montis,
1198 593 1334 630 quantus
1358 585 1467 617 revera
1490 584 1544 618 cst:
1559 583 1579 618 {i
1590 584 1669 631 ergo
1687 586 1718 617 iii

907 625 1069 671 phantasia
1098 629 1161 664 hoc
1193 630 1263 666 ficri
1305 629 1390 677 posse
1419 631 1563 666 Galenus
1584 631 1717 677 judicat,

908 677 1009 707 curin
1028 676 1128 712 oculo
1161 677 1231 714 fieri
1254 692 1320 713 non
1350 678 1433 726 posse
1456 679 1589 723 judicat}
1615 681 1719 715 Porro

908 733 948 754 ex
975 723 1035 758 hac
1062 728 1308 761 ratiocinatione
1330 726 1425 762 valde
1459 727 1539 761 mihi
1562 727 1599 762 fit
1622 727 1719 762 versi-

908 769 999 813 mile,
1036 773 1201 808 Galenum
1230 774 1404 822 specierum
1425 773 1602 811 visibilium
1626 789 1721 810 natu-

908 829 976 853 ram
996 819 1196 867 exploratam
1219 822 1352 858 minime
1373 822 1523 865 habuisse-3
1541 824 1605 868 vel,
1627 822 1648 858 fi
1661 824 1718 858 ha-

911 863 1039 912 buerit,
1068 869 1232 906 cavillanti
1267 868 1333 906 hfc'
1351 869 1438 906 fuisse
1467 870 1614 908 similem.
1638 876 1720 906 Sunt

909 917 996 967 enim
1017 916 1143 965 species,
1164 931 1199 954 ut
1219 919 1310 968 supra
1348 919 1545 954 ostendimus
1573 919 1720 955 luculen—

910 963 1147 1010 tlffime‚rerum
1157 968 1311 1004 virtuales
1324 969 1556 1016 imagines,que
1568 966 1721 1016 exiguus-

910 1011 982 1047 culii
994 1013 1104 1050 forma
1125 1030 1192 1052 rem
1211 1028 1314 1052 totam
1329 1028 1364 1050 ac
1375 1027 1509 1059 tantam,-
1527 1030 1645 1065 quanta
1666 1018 1722 1061 est,

912 1059 993 1095 visui
1011 1065 1179 1110 exhibent,
1203 1063 1350 1112 adeoque
1375 1063 1467 1098 facile
1488 1067 1585 1098 etiam
1597 1064 1636 1099 ab
1651 1069 1722 1100 cxi-

911 1111 974 1155 gua
985 1111 1108 1160 pupilla
1124 1112 1195 1148 sunt
1215 1110 1305 1162 aptae'
1317 1115 1432 1160 excipi.
1454 1113 1516 1148 Sed
1532 1113 1645 1148 cadem
1656 1114 1724 1149 dif-

912 1157 1056 1195 ficultate
1067 1163 1211 1196 irretitur
1233 1175 1365 1211 quoque
1388 1160 1534 1197 Galenus
1548 1160 1623 1208 ipse:
1637 1175 1724 1211 quo-

912 1218 986 1257 nam
997 1211 1084 1245 enim
1105 1211 1199 1262 pac‘to
1219 1211 1404 1246 emiffitium
1425 1209 1507 1244 illud
1532 1209 1652 1253 lumen,
1665 1217 1727 1246 cu—'

912 1267 961 1300 Jus
980 1268 1041 1304 ope
1063 1260 1219 1293 visionem
1244 1257 1313 1293 fieri
1336 1269 1494 1302 autumat,
1506 1271 1626 1302 rerum,
1644 1273 1724 1308 quas

911 1301 992 1338 foris
1004 1308 1148 1353 attingit,
1171 1305 1311 1341 visibiles
1333 1305 1515 1341 affeffiones
1535 1319 1591 1354 per
1611 1309 1719 1356 pupil-

913 1349 951 1384 lae
974 1354 1130 1399 angustias
1150 1357 1183 1388 in
1202 1354 1336 1389 oculum
1357 1353 1478 1389 infert}
1503 1358 1629 1389 Lumen
1656 1367 1724 1391 ete-

913 1400 981 1433 nim
992 1413 1040 1436 res
1062 1413 1153 1436 extra
1178 1401 1312 1437 oculum
1333 1415 1387 1450 per
1411 1401 1439 1437 se
1458 1413 1523 1438 non
1554 1403 1724 1448 videt,sed

913 1445 1094 1493 spe&andas
1106 1463 1233 1498 organo
1246 1452 1412 1498 importat.

963 1497 1018 1532 Ad
1028 1496 1214 1543 secundum,
1259 1499 1407 1534 uomodo
1430 1499 1590 1543 distantia,
1604 1498 1723 1547 figura,

914 1545 946 1576 δέ
970 1547 1164 1594 magnitudo
1185 1513 1289 1583 ociillis
1322 1546 1572 1595 perstntiantur,
1593 1551 1637 1582 ita
1660 1549 1726 1584 res-

913 1594 1298 1637 pondeini153affeffiones
1317 1595 1400 1639 istas,
1425 1595 1512 1631 haud
1523 1593 1608 1631 secus
1628 1609 1727 1646 atque

914 1637 991 1676 alias
1052 1643 1156 1680 uasvis
1186 1643 1425 1692 adspestabiles,
1438 1657 1497 1692 pro
1522 1646 1604 1679 riam
1626 1644 1729 1692 speci-2

914 1699 966 1723 ern
976 1656 1076 1727 ocuqo
1086 1691 1274 1741 inferre,per
1285 1706 1382 1742 quam
1392 1656 1629 1740 dignoscanturi
1644 1698 1728 1729 Pro-

914 1748 1028 1784 priam,
1039 1742 1186 1790 inquam,
1198 1755 1265 1776 non
1287 1740 1378 1790 quod
1397 1743 1631 1788 magnitudinis
1645 1756 1678 1778 v.
1689 1756 1726 1790 g.

914 1783 1029 1838 species
1053 1791 1071 1824 ὲ
1094 1789 1214 1825 coloris
1235 1788 1336 1848 specie
1354 1788 1483 1824 realiter
1502 1789 1729 1837 distinguatur3

917 1835 1159 1877 iedmodaliter
1171 1849 1311 1882 tantum,
1322 1849 1358 1872 ut
1384 1836 1577 1885 loquuntur:
1591 1849 1627 1872 ut
1637 1841 1727 1875 enim

900 1913 903 1916 -
915 1880 1021 1932 supra,-
1031 1886 1107 1923 cum
1116 1887 1157 1923 de
1167 1885 1395 1922 communibus
1408 1884 1588 1920 visibilibus
1598 1886 1728 1922 dissere-

915 1943 1035 1980 remus,
1055 1936 1213 1979 diximus,
1238 1934 1365 1978 obiecta
1384 1935 1570 1968 communia
1592 1935 1728 1970 modifi-

915 1992 987 2026 cant
1000 1981 1052 2019 seu
1071 1984 1287 2019 determinant
1308 1984 1450 2030 propria,
1471 1992 1627 2029 quatenus
1650 1983 1728 2019 talia

916 2041 971 2064 aut
982 2042 1070 2067 tanta
1089 2030 1338 2080 persentiuntur.
1373 2035 1490 2079 Itaque
1512 2027 1652 2065 colorati
1673 2033 1727 2067 di-

916 2077 1041 2125 stantia,
1061 2080 1176 2124 flaura,
1200 2084 1231 2115 &
1253 2078 1447 2125 magnitudo
1480 2075 1561 2112 visui
1585 2078 1728 2114 offerun-

917 2135 982 2170 tur,
995 2131 1070 2177 quia
1080 2109 1195 2177 species
1214 2126 1254 2162 ab
1277 2140 1317 2161 eo
1337 2125 1486 2161 colorato
1511 2140 1660 2161 emanans
1672 2129 1727 2163 eams

915 2173 1002 2219 dem,
1015 2178 1080 2225 qua
1090 2175 1191 2225 ipsum
1211 2174 1384 2224 praeditum
1402 2174 1459 2217 est,
1469 2174 1630 2217 distantia,
1641 2174 1728 2222 figu-

916 2222 963 2265 Γέι,
976 2228 1007 2258 &
1022 2224 1246 2276 magnitudine
1257 2219 1527 2258 circumscribitur
1546 2235 1580 2256 ac
1593 2222 1728 2260 modifi-

916 2281 1019 2309 catur„-
1688 2308 1691 2314 ⁴

964 2323 1130 2366 Tertium,
1145 2317 1237 2370 quod
1247 2314 1427 2355 humanum
1446 2321 1576 2367 captum
1589 2317 1727 2355 excede-

915 2379 949 2401 re
960 2369 1054 2413 dicit,
1065 2369 1211 2405 eamdem
1224 2371 1345 2404 montis
1365 2367 1623 2415 magnitudinem
1634 2367 1729 2403 vide-

916 2417 942 2448 ri
954 2418 971 2451 21
989 2416 1148 2465 pluribus.
1164 2420 1289 2452 Verum
1309 2418 1443 2460 diceret,
1462 2413 1484 2450 fi
1495 2419 1611 2450 vera&
1624 2426 1729 2451 mate-

916 2463 1004 2499 rialis
1014 2468 1135 2501 montis
1147 2467 1308 2515 quantitas
1318 2474 1457 2501 tranaret
1468 2467 1590 2507 aerem,
1601 2468 1633 2499 &
1647 2476 1730 2500 ocu-

916 2510 956 2547 lis
967 2522 1038 2548 eam
1048 2516 1145 2563 recipi
1161 2512 1368 2549 censeremus.¹
1391 2513 1504 2546 Sanius
1516 2511 1611 2546 nobis
1621 2511 1666 2547 est
1674 2525 1730 2549 ce-

917 2561 1064 2606 rebrum,
1086 2564 1186 2612 quam
1207 2573 1244 2596 ut
1273 2561 1350 2597 talia
1380 2569 1488 2606 egerat
1512 2564 1729 2599 excrementa

920 2609 1090 2646 Caeterum
1106 2623 1200 2645 mons
1208 2608 1355 2657 speciem·
1371 2605 1459 2644 suam
1469 2607 1730 2657 quaquaversum>

917 2656 1077 2694 diffundit
1098 2657 1151 2701 sic,
1170 2669 1206 2691 ut
1216 2657 1257 2693 ab
1278 2669 1469 2706 unaquaque
1502 2655 1569 2702 ejus
1591 2659 1729 2704 partein

919 2717 1180 2755 unamquamque
1199 2716 1322 2752 partem
1345 2704 1443 2749 medii
1463 2704 1611 2740 eamdem
1621 2703 1731 2749 ejacu-

919 2749 1015 2795 letur3
1033 2754 1116 2789 adeo
1135 2755 1291 2803 quidem,
1312 2763 1348 2788 ut
1381 2750 1470 2787 nulla
1497 2752 1733 2788 circumstantis

921 2802 1019 2848 medij
1039 2815 1110 2850 pars
1140 2801 1280 2845 existat,⁴
1310 2815 1382 2852 quae
1411 2814 1478 2835 non
1497 2799 1641 2850 aliquem
1660 2800 1730 2846 ejus

920 2848 1032 2897 speciei
1045 2851 1174 2887 radium·
1192 2851 1338 2898 recipiatz'
1349 2849 1434 2885 unde
1454 2859 1621 2902 quotquot
1633 2863 1730 2884 mon-

921 2908 991 2934 tem-
1029 2901 1222 2942 intuentur,-
1253 2902 1412 2947 integram
1443 2911 1510 2945 elus
1537 2898 1729 2946 participant

922 2945 1057 2994 speciem
1069 2964 1085 2991 ,-
1111 2946 1168 2984 etsi
1179 2955 1232 2982 tot
1252 2946 1347 2983 essent-
1367 2949 1539 2989 intuentes,
1552 2954 1634 2994 quot
1644 2946 1728 2980 ae'ris

922 2996 993 3031 sunt
1005 2995 1172 3042 pun6tula„<
1192 2999 1240 3030 At
1259 2995 1430 3031 enimvero
1454 2997 1574 3029 mirum
1591 2992 1644 3035 cst,
1655 2995 1730 3047 Ga:

924 3043 1038 3083 lenum
1063 3042 1226 3083 summum
1256 3046 1409 3126 virum}<
1420 3044 1477 3093 qui
1507 3039 1649 3123 ejusdcpa
1681 3051 1728 3095 ret

1625 3099 1730 3126 onum
