1990 3386
202 158 220 180 2
230 144 270 178 28

207 198 284 249 liqui
295 202 394 238 videri.
406 201 487 237 Non
500 196 536 234 fit
549 199 580 233 in
592 196 709 244 opticis
720 191 817 237 visio,
827 190 881 228 sed
900 192 934 226 in
947 202 1030 226 ocu·-

211 242 294 287 lisss'i
330 251 351 286 ὁ
364 249 386 286 ss
398 250 480 285 reete
493 244 640 296 perspicis
653 267 664 286 ,
675 244 777 292 optici
787 241 859 277 sunt
871 241 1030 285 contorti,

211 311 248 336 ut
258 297 321 347 ipse
332 298 497 344 intelligit,
511 294 563 330 seu
571 292 701 341 obliqui
717 307 725 327 :
749 304 816 326 non
825 291 912 325 enim
921 288 960 324 ab
972 301 1030 323 or-

211 348 316 384 tusuo
328 349 410 383 reeta
424 343 617 394 pertendunt
627 343 668 377 ad
688 339 804 376 oculos
824 364 835 384 ,
855 337 909 374 sed
929 337 1031 374 ductu

210 395 362 444 obliquo.
378 399 449 430 Cur
459 395 560 441 igitur
571 389 656 428 visus
666 403 733 425 non
744 389 921 436 unicuique
939 385 1026 441 obli-

209 447 317 496 quus}
339 442 666 492 Qmodocumque
685 437 766 486 ergo
785 435 953 472 constituti
971 434 1032 471 sint

211 495 310 543 optici
324 518 334 537 ,
355 491 458 527 modo
479 489 649 539 spirituum
668 489 722 524 via
743 500 811 523 non
821 485 1030 534 impediatur,

210 541 291 578 visio
302 540 346 576 est
357 543 492 588 integra.

260 590 364 624 Porro
384 591 466 624 vitia
495 588 608 623 omnia
637 586 825 634 opticorum
853 592 1032 619 nervorum

208 638 360 687 praedffla
370 637 441 674 sunt
452 635 595 671 difficilis
605 635 793 670 curationis:
807 632 957 683 quaedam
968 634 1033 666 im-

209 685 378 736 possibilis,
389 698 424 721 ut
434 683 606 733 disruptio,
621 689 651 719 &
665 685 831 736 antiquata
841 680 1032 723 obstrueti05

211 735 319 777 tabes3
353 734 544 784 compressio
563 734 581 769 ὲ
603 744 732 767 tumore
743 731 878 779 rrigidO.
892 728 1034 766 Obstru-

209 784 278 819 &io
287 794 396 819 autem
407 796 514 818 recens
528 781 705 830 aliquando
716 791 825 815 cui-ata
833 777 882 830 eit
893 793 900 812 :
915 791 1033 826 quem-

210 832 392 868 admodum
403 833 528 868 etiama
551 831 656 866 craffis
677 828 853 878 vaporibus
863 828 947 862 iacta
956 825 1032 862 sub-

212 881 287 916 inde
307 879 415 916 subito
436 894 492 929 per
512 878 683 927 applicatas
705 874 924 913 cucurbitulas
945 900 958 921 ,
980 873 1033 911 vel

212 931 292 965 acris
302 929 660 978 clysterisinjeffionem
681 925 786 962 sanata
805 925 859 961 est.

539 996 697 1044 Curatio.

259 1066 367 1101 Nervi
376 1066 478 1114 optici
497 1062 774 1104 obstructionem,
794 1072 867 1108 quae
887 1072 952 1112 prae
963 1059 1034 1108 alijs

209 1113 363 1164 frequens
385 1115 429 1151 est
452 1113 579 1149 affeetio
590 1137 601 1156 ‚
619 1110 660 1146 sic
681 1109 813 1145 curabat
833 1107 1034 1146 doetiffimus

212 1162 393 1199 Pernelius.
409 1168 451 1198 In
462 1163 573 1211 primis
584 1158 763 1202 inhibebat,
774 1171 813 1192 ne
826 1159 906 1205 quid
917 1171 1035 1207 praete.=

192 1224 265 1255 :rea
276 1212 316 1247 eo
327 1224 435 1247 recens
446 1209 610 1253 influeret,
631 1206 731 1256 idciue
748 1206 833 1241 bona
857 1208 964 1242 vietus
982 1221 1035 1242 ra-

211 1262 304 1307 tione
313 1285 324 1304 ‚
349 1273 421 1308 quae
432 1272 548 1307 corpus
562 1254 731 1293 moderate
742 1254 806 1290 alat
816 1275 828 1298 3
852 1267 910 1290 nec
925 1267 1034 1293 tamen

212 1309 377 1344 bumastet
389 1333 399 1352 ‚
412 1322 515 1357 neque
525 1306 736 1342 excrementis
747 1303 891 1351 impleat.
913 1306 967 1340 Bis
979 1316 1034 1342 aut

212 1354 308 1393 semel
320 1356 431 1392 saltem
442 1359 474 1391 in
485 1355 589 1391 mense
600 1353 757 1403 purgabat
767 1365 823 1400 per
834 1352 949 1400 pilulas
970 1352 1034 1391 {ine

215 1405 356 1454 quibus,
377 1410 408 1440 &
425 1403 504 1440 lucis
515 1405 672 1452 majores:
687 1413 785 1450 atque
795 1403 1036 1449 etiaminterje-

213 1456 272 1488 &cis
283 1454 397 1490 diebus
406 1479 417 1499 ‚
438 1453 460 1489 fi
483 1454 616 1503 quando
637 1450 818 1486 adstrictior
836 1449 928 1486 alvus
949 1451 1035 1496 effer,

212 1514 268 1538 aut
284 1502 484 1538 ventriculus
497 1502 629 1538 crudior
640 1510 805 1548 appareret
815 1525 826 1544 ‚
837 1511 893 1546 pei·
903 1510 1035 1547 catapo-

213 1553 260 1586 tia
269 1565 309 1587 ex
321 1552 406 1587 aloe.
432 1556 544 1600 Caput
568 1550 719 1601 quotidie
733 1560 825 1582 mane
836 1546 969 1582 siccabat
981 1546 1036 1582 fo-

214 1602 331 1636 mentis
342 1614 383 1636 ex
397 1598 472 1644 sale,
486 1599 594 1643 milio,
605 1606 637 1635 ὃς
649 1595 824 1633 seminibus
834 1593 1036 1631 discutienti-

216 1648 276 1684 bus
291 1648 487 1684 torrefaCtis.
500 1649 676 1683 frictiones
689 1656 822 1692 quoque
833 1645 866 1676 in
876 1641 1036 1689 posterio-

213 1710 249 1733 ra
259 1722 271 1741 ,
293 1701 326 1733 &
339 1699 373 1731 in
385 1697 577 1743 occipitium
589 1694 743 1728 inferiora
766 1688 871 1726 versus
882 1690 1037 1728 deduetas

211 1744 475 1780 commendabat.
497 1743 653 1777 Pituitam
672 1737 752 1787 saepe
762 1752 805 1774 ex
820 1740 922 1787 capite
933 1739 1037 1787 proli-

213 1796 318 1827 ciebat
341 1788 673 1839 apophlegmatismis.
715 1788 939 1823 Errhinorum
969 1801 1037 1825 nori

211 1840 304 1889 aeque
315 1851 425 1875 tutum
435 1839 563 1876 dicebat
575 1838 667 1874 usum
678 1851 688 1879 3
708 1835 1038 1874 sternutamentorum

212 1887 479 1928 adverfiffimum.
500 1889 562 1923 His
576 1885 777 1923 &similibus
786 1885 968 1921 rationibus
980 1899 1039 1922 ex-

214 1948 377 1973 crementa
391 1950 447 1986 per
457 1935 616 1972 naturales
628 1945 752 1971 meatus
760 1934 952 1970 deducebat.
965 1939 1039 1972 lam

216 1987 258 2021 ad
268 1984 440 2033 ipsummet
451 1986 625 2021 humorem
636 1997 676 2019 ex
687 1986 805 2033 opticis
816 1982 1038 2030 evellendum,

218 2032 299 2082 saepe
310 2059 321 2078 ,
345 2034 487 2069 maxime
500 2035 579 2070 vero
590 2033 744 2082 postridie
757 2034 960 2081 purgationis
972 2059 982 2077 ,
1005 2038 1039 2069 &

221 2080 351 2131 aliquot
359 2082 508 2129 deinceps
528 2083 643 2117 diebus
653 2105 665 2125 ς
688 2082 856 2129 affigendae
877 2094 972 2117 erunt
982 2095 1040 2117 cu-

219 2129 391 2165 curbitulae
401 2129 490 2165 leves
499 2131 657 2178 occipitio
678 2133 844 2178 utrimque
855 2131 896 2166 ad
906 2133 1041 2166 cervicis

219 2181 395 2228 originem.
407 2178 593 2227 Imperabat
612 2178 805 2213 decubitum
824 2177 1041 2226 supinum‚in

222 2240 291 2277 quo
300 2227 322 2264 fi
334 2232 367 2263 &
380 2239 476 2277 caput
487 2226 666 2276 aliquando
674 2225 882 2272 succutiatur‚
894 2227 1041 2263 conferre

223 2276 344 2321 aiebat,
355 2287 405 2321 ut,
416 2278 474 2326 qui
484 2274 628 2311 tenacius
638 2275 795 2323 impa6tus
805 2274 850 2310 est
861 2275 1042 2320 immonst-

222 2324 264 2360 de
272 2324 325 2361 sua
336 2326 563 2361 dimoveatur.
574 2324 732 2372 Occipitij
745 2328 777 2358 δι
789 2325 922 2359 cervicis
934 2323 1044 2373 appel-

225 2372 308 2409 latos
330 2372 456 2410 setones
475 2387 543 2409 non·
571 2371 730 2422 probabat
741 2393 752 2417 5
774 2371 1044 2421 quandoquidem

225 2421 320 2464 nullo
331 2422 406 2458 illos
419 2421 488 2458 usui
500 2421 553 2459 vel
563 2421 765 2465 commodo,
784 2421 838 2456 sed
860 2423 954 2469 gravi
964 2420 1043 2470 saepe

223 2470 368 2517 periculo
378 2470 500 2507 infixos
509 2469 767 2507 animadvertisse
785 2469 816 2506 se
824 2470 958 2506 diceret.
981 2470 1045 2507 Ef-

225 2517 441 2557 ficaciffimam
451 2529 560 2556 autem
571 2532 607 2554 ac
626 2519 816 2554 tutissimam
827 2516 1045 2556 revulsionem

224 2565 387 2614 laudabat,
399 2583 471 2618 quae
483 2568 521 2604 fit
532 2571 549 2605 ὲ
561 2581 666 2604 nervo
685 2569 799 2616 optico
821 2569 855 2602 in
868 2568 903 2604 id
915 2579 1045 2614 cavum,

252 2615 319 2651 uod
328 2616 371 2652 est
381 2621 414 2652 in
424 2618 532 2653 radice
543 2619 629 2653 auris
649 2621 681 2652 &
693 2618 727 2650 in
737 2618 941 2652 connexione
952 2629 1047 2653 max-

224 2628 288 2700 ithae
301 2676 384 2712 pone
395 2665 542 2702 infimam
553 2664 698 2702 auricula
712 2679 722 2707 3
732 2677 787 2714 per
796 2665 831 2701 id
840 2667 927 2700 enim
938 2679 1046 2701 ramus

227 2711 247 2746 ὲ
258 2725 339 2747 vena
348 2714 485 2761 jugulari
505 2717 594 2751 intro
606 2714 731 2751 subieris
743 2717 777 2749 in
787 2717 916 2763 opticos
927 2727 1047 2751 nervos

227 2762 393 2809 utrimque
406 2766 551 2799 excurrit
564 2790 577 2808 ‚-
598 2763 716 2812 eosque
730 2766 905 2799 comitatur
915 2762 955 2798 ad
965 2777 1047 2799 ocu-

230 2808 280 2844 los
291 2806 400 2856 usque.
415 2815 454 2845 In
466 2814 500 2847 id
514 2814 594 2860 ergo
607 2811 814 2860 emplastrum
826 2813 942 2860 unguis
954 2826 1047 2861 mag.-

229 2856 377 2892 nitudine
396 2860 576 2904 apponebat
589 2887 601 2906 ,
622 2861 714 2910 quod
737 2861 903 2897 constabat-
931 2863 985 2896 vei
1006 2875 1048 2898 ex

232 2907 333 2953 aequis
342 2906 546 2952 portionibus
561 2908 686 2956 saponis
705 2912 790 2958 nigri
811 2915 844 2946 &
863 2908 934 2945 salis
954 2923 1051 2947 com-a

230 2955 336 2987 munis
357 2956 438 2995 triti3
464 2953 517 2989 vel
535 2968 576 2990 ex
598 2956 674 2993 sem.
701 2957 797 3007 sinapi
810 2964 842 2995 &
866 2958 1046 2996 cantharid.

228 3014 287 3036 ana
297 3000 548 3047 semidrachma‚
561 3002 708 3038 fermenti
723 3009 801 3042 acris
822 3009 926 3043 uncia.
942 3008 1048 3057 Qd

230 3049 253 3085 si
264 3061 472 3098 metueretur,
490 3064 529 3087 ne
541 3064 610 3088 non
621 3050 693 3089 satis
700 3050 818 3102 sequax
839 3055 913 3093 effet
927 3056 1050 3094 humor

537 137 690 174 voi’.
737 131 1207 171 FORTVNATI
1258 129 1591 168 PLEMPII

1081 186 1288 226 revellendus
1298 217 1308 235 ‚
1321 189 1519 240 praeparabat
1530 190 1682 228 eumdem
1692 190 1766 229 fotu
1777 196 1903 233 remon

1081 235 1180 272 liente
1194 241 1225 272 δι
1239 249 1476 284 attenuante,ut
1485 253 1526 276 cx
1536 240 1675 277 decoeto
1686 239 1902 289 althaeae‚ver‘-

1084 284 1173 320 benae
1195 311 1208 331 ‚
1237 285 1379 324 eufrasiae
1407 314 1420 333 ‚
1449 300 1543 325 ruta-¹.
1574 287 1652 325 sem.
1684 289 1835 327 foeniculi
1865 309 1902 332 ac

1084 346 1119 368 ac
1132 332 1212 369 foeni
1223 337 1345 371 Graeci.
1365 337 1474 383 Hujus
1484 338 1611 373 decocti
1625 351 1745 392 vapore
1756 355 1793 377 ex
1805 340 1906 390 spon-

1082 384 1137 430 gia
1149 383 1243 418 molli
1260 383 1318 420 sub
1345 383 1508 435 vesperam
1527 385 1643 422 oculos
1661 391 1906 437 fovebatflnte-

1085 434 1148 466 rim
1158 432 1238 468 dum
1249 433 1416 483 emplastra
1434 433 1555 471 infimae
1568 435 1718 472 auriculae
1730 438 1903 481 inhaerent.

1087 479 1241 528 Collyria
1261 483 1341 519 vero
1362 485 1396 517 in
1417 482 1532 519 oculos
1561 483 1675 522 frustra
1693 487 1829 524 immitti
1851 493 1908 526 inq

1084 531 1233 613 puiebat,
1250 531 1342 579 quod
1362 545 1476 568 eorum
1488 534 1537 569 vis
1559 537 1739 582 nequeatin
1760 536 1907 578 affeetam

1098 577 1191 613 edem
1217 591 1395 627 penetrare.
1431 581 1565 618 Vtiliter
1587 582 1801 621 nihilominus
1825 585 1906 636 saepe

1086 628 1196 663 mandi
1210 628 1342 673 iubebat
1356 627 1462 666 semen
1480 629 1642 673 foenicuii3
1654 644 1708 668 aut
1719 636 1817 670 etiam
1828 638 1906 684 pul.

1086 687 1197 712 verem
1208 676 1371 730 praebebat
1391 680 1425 714 in
1445 677 1510 714 fine
1530 679 1633 729 pastus
1651 694 1694 716 ex
1718 687 1910 732 coriandro,

1085 723 1186 770 aniso,
1201 725 1376 770 foeniculo,
1388 725 1533 773 eufrasia,
1553 726 1795 778 glycyrrhisa&
1818 736 1908 770 tina-

1087 786 1214 809 momo:
1227 774 1362 811 istorum
1383 779 1470 812 enim
1481 789 1584 825 vapor
1600 783 1631 813 δε
1655 777 1774 815 halitus
1785 796 1825 817 ex
1847 797 1906 820 ore

1087 826 1118 856 δι
1132 821 1300 858 stomacho
1310 824 1349 859 ad
1370 824 1460 861 oculi
1483 827 1643 861 anteriora
1665 825 1782 865 fertur.
1808 831 1907 869 Vltra

1085 869 1155 904 haec
1177 870 1200 906 fi
1220 871 1345 919 guajaci
1369 873 1544 910 decoctum
1563 885 1754 924 potaretur,'
1767 880 1906 918 omnino

1084 917 1293 967 profuturum
1304 921 1512 969 praedicabat.

1135 971 1176 1002 In
1188 982 1223 1004 ea
1235 969 1348 1018 insigni
1368 983 1404 1005 ac
1426 970 1615 1007 methodica
1637 974 1803 1010 curatione
1821 975 1906 1015 illud

1087 1017 1358 1068 mii·a·ndum‚quo
1369 1021 1462 1067 pac-'to
1471 1018 1594 1055 setones
1603 1023 1636 1056 in
1645 1023 1804 1071 occipitio
1811 1024 1908 1062 dam-

1088 1076 1141 1099 net
1153 1076 1320 1116 tamquam
1334 1067 1476 1113 inutile55
1489 1070 1557 1105 imo
1578 1072 1722 1118 graviter
1743 1073 1910 1119 periculo-

1087 1111 1149 1149 sos.
1172 1117 1205 1150 Si
1226 1116 1444 1153 cucurbitulas
1463 1117 1588 1154 ibidem
1619 1121 1827 1156 commendet
1842 1148 1853 1167 ‚
1871 1128 1907 1160 &

1089 1162 1263 1199 evellendo
1284 1177 1327 1199 ex
1349 1168 1467 1213 opticis
1497 1166 1630 1202 humori
1655 1165 1749 1203 utiles
1778 1169 1907 1218 statuat,-

1089 1222 1214 1259 quanto
1225 1215 1329 1261 magis
1340 1216 1380 1248 ad
1391 1213 1493 1263 ipsum
1505 1214 1600 1251 utiles
1609 1214 1681 1251 sunt
1702 1215 1839 1265 setones,
1849 1223 1908 1270 qui

1089 1262 1290 1308 potentiores
1300 1261 1371 1297 sunt
1383 1263 1608 1300 cucurbitulis}
1628 1267 1682 1300 De
1691 1267 1836 1312 periculo
1849 1283 1912 1305 ve-

1090 1308 1129 1343 ro
1142 1310 1233 1357 quod
1254 1311 1359 1355 addit,
1370 1309 1475 1347 nescio
1487 1325 1543 1348 cur
1552 1311 1663 1350 illuda
1685 1312 1848 1353 setonibus
1859 1318 1910 1355 ibi

1090 1359 1198 1392 timeri
1211 1358 1347 1394 debeat:
1371 1358 1461 1395 locus
1478 1363 1566 1397 enim
1584 1361 1640 1398 ille
1661 1362 1760 1399 nullis
1778 1369 1908 1415 magnis

1090 1404 1170 1441 vasis
1180 1408 1333 1453 praeditus
1344 1408 1475 1457 est,quae
1488 1411 1505 1445 ὲ
1517 1408 1680 1449 setonibus
1695 1411 1761 1458 ledi
1775 1418 1906 1463 poss‘int.

1138 1456 1242 1500 Qd
1254 1454 1293 1488 ad
1314 1455 1643 1496 sternutamentorum
1664 1461 1755 1497 usum
1776 1466 1907 1501 attinet:>

1093 1504 1310 1548 Capivatcius
1319 1501 1454 1536 celebris
1475 1503 1596 1540 &felix
1607 1507 1665 1542 suo
1689 1522 1835 1558 tempore
1847 1517 1912 1548 Pa-

1091 1549 1170 1594 tavij
1185 1550 1350 1594 Medicus,
1364 1553 1397 1584 in
1417 1551 1515 1585 initio
1534 1552 1764 1592 obstructionis
1783 1553 1925 1600 horum·

1090 1608 1270 1633 nervorum
1298 1597 1467 1634 confestim
1486 1598 1776 1640 sternutamentum
1808 1609 1912 1644 vehe-

1091 1655 1182 1680 mens
1191 1647 1534 1693 excitariconsulebat5
1547 1659 1582 1684 ut
1604 1654 1737 1687 materia
1757 1666 1914 1691 commo-

1091 1705 1223 1730 veretur
1233 1695 1414 1743 angustam,
1430 1709 1487 1732 nec
1500 1695 1666 1745 figerem-3
1680 1703 1757 1749 quia
1769 1704 1842 1739 εᾶΐι
1853 1705 1912 1752 est,

1919 0 1990 95 'l

1090 1743 1274 1792 inquiebat,
1287 1744 1344 1779 ubi
1356 1742 1481 1792 figitur.
1493 1747 1589 1781 Idem
1608 1747 1704 1784 sentit
1721 1750 1916 1791 Eustachius
1942 1762 1943 1766 ’

1092 1792 1236 1828 Rudius.
1258 1797 1343 1841 Qae
1353 1793 1471 1841 agendi
1482 1797 1567 1830 ratio
1578 1795 1634 1831 etsi
1646 1811 1713 1833 non
1724 1802 1862 1837 omnino
1873 1801 1914 1840 fit

1095 1840 1113 1875 ὲ
1125 1840 1287 1878 methodo
1299 1840 1407 1878 aversa
1417 1867 1431 1887 ,
1447 1842 1588 1885 fortunae
1600 1856 1708 1882 tamen
1720 1850 1818 1884 etiam
1828 1851 1916 1887 inni..

1094 1889 1339 1939 titur‚adeo‹‘1ue
1352 1892 1499 1940 periculo
1508 1891 1647 1941 subjecta
1657 1895 1712 1934 est.
1726 1899 1814 1934 Tam
1825 1901 1914 1938 enim

1091 1939 1196 1986 potest
1214 1952 1270 1988 per
1280 1942 1569 1979 sternutamentum
1589 1942 1672 1980 istud
1692 1948 1826 1982 materia
1845 1961 1917 1984 ma-

1091 1989 1142 2035 gis
1151 1987 1209 2037 figi
1222 1991 1255 2024 in
1266 1991 1375 2025 nervis
1386 2016 1397 2035 ‚
1419 1992 1520 2040 quam
1531 1991 1548 2026 ἐ
1570 1995 1678 2029 nervis
1689 1993 1767 2031 elidi
1779 2010 1788 2030 ε
1810 1996 1915 2044 potest

1092 2050 1228 2088 quoque
1239 2037 1301 2073 alia
1311 2064 1323 2084 ‚
1336 2038 1525 2089 quaepraesto
1536 2040 1579 2076 est
1591 2043 1624 2076 in
1635 2042 1768 2078 cerebro
1778 2069 1789 2089 ,
1812 2056 1918 2081 mate-

1093 2090 1140 2120 ria
1164 2090 1205 2124 ad
1225 2085 1356 2124 eosdem
1375 2101 1495 2124 nervos
1513 2089 1657 2127 detrudi.
1682 2097 1757 2141 Q
1769 2106 1813 2129 ex
1826 2093 1918 2132 causav

1095 2134 1193 2172 multi
1212 2149 1253 2172 ex
1274 2136 1423 2185 pluribus
1444 2136 1699 2175 sternutamentis
1710 2167 1721 2185 ‚
1740 2139 1920 2189 praesertim

1094 2183 1135 2218 de
1148 2184 1302 2221 industria
1312 2185 1370 2222 sibi
1383 2189 1552 2222 concitatis
1562 2213 1574 2232 ,
1592 2189 1626 2224 in
1637 2192 1814 2226 caecitatem
1824 2191 1922 2228 dere-

1093 2244 1189 2313 pente
1200 2233 1274 2282 lapfi
1285 2232 1368 2270 sunt.
1401 2234 1520 2270 Malim
1531 2238 1632 2283 igitur
1640 2250 1704 2284 ego
1716 2251 1791 2275 cum
1802 2242 1920 2276 Perne-

1109 2282 1143 2315 io
1157 2280 1474 2329 apophlegmatismis
1501 2282 1565 2318 fine
1582 2285 1728 2331 periculo
1749 2289 1917 2324 materiam

1096 2328 1243 2364 derivare
1256 2342 1311 2377 per
1320 2327 1463 2377 palatum
1473 2355 1487 2374 ,γ
1504 2332 1523 2365 ὲ
1558 2344 1602 2365 uo
1625 2345 1693 2366 non
1714 2333 1811 2381 longe
1832 2334 1919 2373 abest

1096 2379 1283 2426 opt-icorum
1293 2344 1650 2425 orig0‚velutioaendit
1660 2380 1753 2417 nobis
1763 2381 1921 2422 diff-estio.

1179 2430 1219 2462 In
1230 2427 1390 2474 principio
1403 2437 1504 2474 guttae
1514 2425 1628 2463 serenae
1638 2429 1684 2464 ita
1694 2430 1727 2464 in
1736 2434 1826 2479 praxi
1839 2430 1921 2468 hor-

1101 2474 1230 2512 tabatur
1254 2476 1532 2524 progrediendum
1550 2475 1608 2512 effe
1617 2474 1764 2515 laudatus
1775 2479 1838 2527 jam
1851 2485 1924 2516 Ca·-

1099 2525 1274 2572 pivaccius.
1300 2524 1428 2560 Eadem
1441 2523 1544 2572 hora,
1567 2525 1631 2575 qua
1649 2527 1920 2575 accedimusstm-

1099 2572 1278 2609 mittendus
1292 2575 1372 2610 acris
1384 2572 1519 2622 clyster:
1532 2573 1651 2611 deinde
1661 2601 1672 2620 ‚
1696 2574 1720 2612 si
1734 2575 1858 2625 sanguis
1873 2579 1920 2617 est

1098 2622 1260 2670 copiosus,
1270 2623 1441 2671 aperienda
1454 2622 1627 2672 cephalica.
1646 2624 1773 2661 Eadem
1782 2627 1835 2662 die
1847 2627 1920 2676 post

1096 2667 1218 2719 septem
1240 2671 1335 2707 horas
1356 2670 1571 2709 exhibeantur
1587 2672 1698 2722 pilulae
1717 2672 1844 2711 foetidae
1864 2675 1921 2714 vel

1098 2719 1220 2756 coch-iae
1232 2719 1273 2755 ad
1283 2720 1452 2756 drachmas
1464 2721 1556 2757 duas:
1566 2721 1686 2758 deinde
1695 2733 1790 2771 caput
1801 2737 1925 2761 vacue->

1100 2778 1166 2810 tur,
1177 2774 1208 2804 &
1219 2767 1343 2805 secetur
1356 2782 1439 2805 vena
1449 2768 1567 2806 frontis
1578 2796 1588 2813 ,
1596 2770 1705 2819 postea
1715 2784 1806 2808 venae
1816 2767 1922 2822 anguss

1099 2814 1229 2854 lorum:
1245 2816 1421 2866 applicetur
1435 2819 1602 2855 cucurbita
1613 2821 1783 2870 occipitio,
1794 2824 1827 2858 &
1838 2823 1923 2860 ilico-

1098 2867 1198 2901 etiam*
1208 2864 1375 2915 usurpetur
1384 2863 1542 2904 setaceum
1554 2883 1568 2904 ι»
1585 2866 1680 2904 simul
1698 2867 1755 2906 fiat
1766 2873 1919 2907 vacuatio

1098 2925 1154 2962 per
1163 2926 1200 2949 os
1212 2918 1244 2950 &
1259 2927 1348 2951 nares
1368 2914 1485 2952 validis
1506 2916 1763 2955 medicamentis.
1786 2920 1920 2955 Deinde

1098 2974 1173 2999 cum
1186 2962 1287 2999 Paulo
1299 2968 1330 2998 &
1345 2965 1450 3000 A'e'tio
1461 2977 1555 3014 caput
1565 2964 1824 3016 perfundendum
1832 2968 1919 3015 aqua.

1101 3008 1180 3046 salsa
1190 3013 1262 3047 ειᾶιι
1275 3011 1378 3048 calida
1392 3027 1400 3048 ε
1413 3012 1488 3049 licet
1497 3016 1596 3051 etiarn
1612 3013 1800 3052 adscendere
1822 3016 1864 3051 ad
1874 3014 1920 3051 fi-

1099 3057 1293 3109 napismum.
1311 3060 1439 3113 Oculus
1461 3061 1615 3103 teveatur
1634 3060 1766 3114 spongia
1777 3074 1820 3098 ex
1831 3076 1919 3112 aqua*

1431 3128 1434 3131 ·
1777 3121 1914 3151 marina.-
