1990 3386
306 203 347 235 5²

355 247 500 283 Fuerunt
522 243 667 281 celebres
691 241 918 290 Philosophiae
944 239 1105 287 cultores,

303 295 361 339 qui
383 292 534 330 colorem
554 293 642 329 nihil
661 291 769 336 aliud,
790 293 893 340 quam
912 292 1023 326 lumen
1044 290 1104 327 esse

302 339 459 378 arbitrati
471 341 556 378 sunt:
574 342 608 376 hi
623 353 735 376 tamen
758 339 842 376 adeo
853 337 986 375 solidea
999 340 1104 374 Scali-

301 399 399 434 gero,
419 392 558 436 AEgidio
582 392 755 432 Romano,
765 392 845 423 Ant.
858 387 1105 435 Rubi0,Agui-

303 435 413 477 lonio,
434 436 600 482 alijs,sunt
620 435 771 481 refutati,
794 447 831 472 ut
852 435 1055 483 nihilsupra:
1069 441 1101 470 δι

301 485 414 531 passim
425 498 461 520 ea
471 485 632 522 sententia
643 488 806 533 repetitur
817 495 916 532 atque
927 487 1103 532 impetitur

302 534 337 566 in
347 532 667 571 scholis.Convenit
689 545 801 569 autem
821 531 889 567 fere
912 532 1103 577 interillos,

303 581 470 617 Colorem
491 581 549 617 effe
568 586 738 626 qualitatem
757 577 992 627 realemdsormd
1002 581 1104 624 consti-

299 637 409 672 tutam,
421 628 575 675 secundiani
596 633 752 664 mixtorum
760 632 909 664 rationem.
928 633 957 663 C
962 626 1103 664 aeterum

285 676 378 711 cum
390 678 604 714 inmixtione
618 678 713 726 plura
731 677 806 721 sint,
824 679 994 725 quaeinter
1003 673 1034 711 se
1045 689 1103 711 co-

296 727 377 759 'e'ant
392 730 424 760 δι
441 724 707 769 confundantur,
726 726 1013 774 pervestigandum
1037 737 1101 760 iio·

298 770 350 806 bis
367 773 431 815 est,
453 787 495 810 ex
518 786 665 822 quorum
682 771 855 822 congressu
878 772 1099 809 determinate

295 818 433 856 resultet
446 822 551 856 color.

345 872 375 904 C
382 869 440 904 um
449 869 530 916 ergo
551 869 698 906 mixtum
717 880 759 903 ex
770 880 915 917 quatuor
927 866 1100 904 elementis

297 919 550 965 compingatur,
567 918 754 965 expendere
778 914 984 965 possumus&
995 915 1100 952 conli-

296 963 414 1000 derare
440 965 494 1001 vel
518 978 638 1002 eorum
659 964 866 1002 confluentes
885 963 1024 1008 formas,
1044 966 1100 1003 vel

295 1017 467 1059 materias,
492 1014 548 1050 vel
566 1013 764 1051 eorumdem
797 1011 988 1061 qualitates.
1014 1016 1100 1049 For-

293 1071 426 1096 marum
445 1061 699 1098 elementarium
725 1065 761 1098 in
782 1063 892 1097 mixto
905 1059 1097 1109 copulatio-

293 1120 372 1143 nem
383 1123 566 1158 numquam
574 1113 712 1159 quidem
721 1121 785 1157 ego
795 1109 978 1145 admittere
990 1108 1083 1145 volui
1088 1125 1099 1153 ;

290 1158 351 1203 qui
363 1157 445 1194 vero
467 1159 665 1204 admittunt,
683 1158 802 1195 dicunt
820 1169 864 1192 ex
883 1169 996 1193 earum
1006 1159 1098 1195 varia

293 1211 543 1243 commixtione
562 1210 672 1242 varias
697 1207 836 1253 prodire
869 1206 1092 1253 proprietates

292 1250 380 1292 illas,
399 1266 482 1301 quas
501 1255 655 1289 occultas
675 1266 851 1298 vocamus,
862 1264 899 1288 ut
911 1265 946 1287 iti
961 1254 1096 1289 rhabar·

291 1297 376 1336 baro
393 1303 637 1348 proprietatem
657 1313 694 1337 ac
714 1306 788 1338 vim
806 1301 1096 1339 educendibilem·

290 1349 327 1384 Si
339 1352 493 1385 materias
501 1348 760 1392 consideremus,
773 1362 816 1384 ex
828 1355 945 1385 harum
959 1349 1095 1386 diverso

291 1393 452 1433 confluxu
472 1401 598 1443 oritur,
618 1397 716 1445 quod
740 1398 887 1432 mixtum
907 1396 1046 1445 aliquod
1055 1397 1094 1434 fit

289 1458 371 1491 ως·
385 1444 549 1493 liquabile
576 1444 630 1483 vel
648 1444 849 1494 illiquabile·
867 1444 1095 1494 similibusque

289 1492 520 1529 affcecionibus
540 1493 734 1542 praeditum.
766 1493 924 1541 Denique
945 1493 967 1529 si
985 1500 1096 1542 quali-

286 1550 386 1582 tates,
406 1540 616 1592 ipsarumque
633 1538 834 1578 concursum
854 1542 1094 1590 expendamus,

287 1601 333 1623 eae
343 1588 417 1625 sunt
428 1593 482 1626 vel
493 1602 623 1641 prima-ff,
633 1589 687 1625 vel
698 1590 780 1626 aliae.
790 1591 902 1638 Atque
917 1604 959 1626 ex
969 1603 1094 1638 prima·

285 1647 362 1673 rum
373 1639 513 1685 quidem
532 1640 734 1686 qualitatum
756 1644 873 1673 mutua
891 1639 1093 1675 habitudine

287 1696 325 1720 ac
345 1685 492 1732 paffione
505 1694 633 1723 calores
655 1689 739 1722 oriri
759 1685 860 1720 multi
870 1688 934 1720 viri
947 1686 1094 1734 percele-

287 1732 362 1768 bres
372 1737 503 1782 opinati
512 1732 602 1780 sunt,
619 1747 766 1783 quorum
785 1733 977 1782 primipilus
987 1734 1093 1772 Gale-

286 1793 349 1817 nus
358 1783 468 1818 noster
476 1784 574 1819 statui
586 1784 696 1832 poiIit:
709 1795 787 1819 nam
796 1783 849 1818 lib.
865 1784 938 1817 iaie
949 1782 994 1829 off.
1004 1793 1088 1829 part.

285 1839 348 1873 στρ.
373 1841 406 1872 9.
425 1832 552 1878 inquit,
574 1842 690 1871 totores,
708 1833 816 1876 odores,
831 1830 947 1878 sapores
971 1843 1094 1877 quatuor

279 1880 440 1922 primarum
451 1882 627 1922 qualitatum
635 1889 743 1915 certam
762 1885 907 1925 quandam
917 1891 1092 1927 temperatu-

285 1936 350 1959 ram
361 1927 498 1971 consequi.
528 1931 611 1964 Non
634 1941 687 1964 me
706 1927 811 1977 fugit,
824 1929 1096 1979 Medicosquos-

285 1973 364 2010 dam
374 1973 523 2022 apprime
535 1976 689 2014 eruditos
713 1977 769 2012 ui.
780 1978 1094 2016 Galemauc'torita-

285 2029 357 2057 tem
364 2021 629 2072 sententiamque
640 2027 741 2069 tueri,
765 2027 927 2073 dicentes,
938 2027 1032 2077 loqui
1043 2032 1096 2077 ip-

282 2068 356 2105 sum
375 2068 418 2106 de
436 2081 703 2118 temperamento
726 2085 900 2122 tamquam
919 2078 1094 2114 Medicum

281 2115 376 2154 sensu
387 2119 540 2164 dueum,
548 2131 651 2168 prout
674 2119 838 2168 fignificat
860 2122 1095 2162 formamsub-

283 2167 487 2203 stantialem:
512 2179 579 2203 noc
602 2178 714 2203 autem·
735 2170 939 2207 veriffimum
948 2173 1018 2213 effe,
1033 2185 1095 2209 co-

286 2214 388 2261 lores,
400 2217 583 2265 caeteraque
603 2219 792 2255 accidentia
812 2215 937 2253 formas
958 2219 1098 2268 insequi3

593 182 755 222 VOP.¹
806 182 1276 220 FORTVNATI
1324 183 1656 219 PLEMPII

1156 255 1194 280 ut
1215 247 1250 281 in
1279 255 1471 284 marmore;
1494 245 1528 276 in
1553 238 1680 278 summe
1714 236 1887 285 humidis,
1917 248 1956 275 ut

1157 293 1193 327 in
1215 292 1310 335 λαιᾶς
1325 296 1355 326 &
1371 295 1405 328 in
1425 289 1550 328 summe
1571 289 1684 333 siccis,
1703 298 1740 324 ut
1769 287 1898 336 capillis
1912 294 1957 338 ¹&

1156 339 1249 383 lan-⁶2.
1266 342 1373 377 Calor
1391 341 1544 389 quaedam
1567 338 1722 384 denigrat
1742 362 1754 382 ,
1784 348 1822 372 ut
1849 347 1957 376 cutim

1158 387 1505 436 &carbone53aliqua
1525 387 1660 424 dealbat
1673 413 1684 431 ‚
1707 396 1742 419 ut
1765 384 1889 420 calcem
1920 390 1956 419 ὄτ

1157 436 1236 473 offa.
1268 440 1384 485 Frigus
1413 440 1519 472 cutim
1548 436 1663 472 reddit
1695 431 1837 470 lividam
1851 457 1864 477 ,
1903 433 1956 469 ni-

1158 498 1234 520 vem
1252 487 1372 521 contra
1407 487 1438 518 δε
1475 485 1675 531 grandinem
1707 479 1832 517 album.
1853 486 1955 527 Qae.

1157 533 1235 568 dam
1259 532 1332 568 alba
1361 531 1436 568 sunt
1468 537 1500 567 &
1525 533 1657 570 calida,
1686 539 1723 563 ut
1750 529 1956 574 saccharum,

1155 579 1308 626 sal,calx;
1327 581 1391 616 alia
1415 579 1553 629 frigida,
1573 592 1609 616 ut
1629 581 1692 619 lac,
1714 580 1956 620 marmot,nix;
1975 581 1990 605 1

1155 629 1306 676 qua-dam
1327 633 1422 677 nigra
1445 636 1475 664 ὅ(
1489 627 1611 668 calida,
1624 637 1659 661 ut
1670 624 1957 675 piper3aliafrigi-

1155 677 1211 722 da,
1224 688 1261 711 ut
1275 679 1402 725 opium.
1422 683 1540 724 ltaque
1562 676 1778 712 Medicorum
1790 677 1957 710 cautiores

1156 738 1197 761 ex
1220 725 1392 761 coloribus
1413 737 1592 772 numquam
1615 733 1956 770 temperaturaeargu-

1155 785 1305 809 mentum
1326 772 1474 809 sumunt:
1499 772 1707 820 quodetiam
1729 772 1878 805 Galenus
1896 783 1960 806 ex-

1154 822 1326 869 preffitlib.
1341 836 1372 868 4.
1386 821 1515 867 defimpl.
1536 821 1610 855 med.
1621 820 1803 866 facultaap.
1815 818 1957 854 ute.ibi-
1975 833 1978 836 ·

1153 870 1230 906 dem
1253 881 1365 906 tamen
1384 871 1475 906 idem
1497 870 1646 917 magister
1665 869 1824 906 docet,in
1834 871 1956 903 eodem

1151 930 1272 966 genere
1283 918 1335 953 vel
1346 915 1432 954 succi
1444 916 1497 952 vel
1515 917 1646 953 seminis
1666 930 1728 952 nos
1748 912 1834 964 posse
1844 927 1885 950 ex
1895 928 1957 951 co-

1152 968 1224 1002 lore
1241 965 1363 1002 deduci
1384 970 1420 1002 in
1451 966 1684 1014 cognitionem
1705 974 1955 1012 temperaturaet

1152 1028 1188 1050 v-
1200 1026 1234 1060 g.
1257 1018 1292 1050 in
1313 1025 1469 1062 ceparum
1485 1025 1605 1061 genere
1627 1021 1701 1048 alba
1723 1012 1835 1049 minus
1847 1013 1890 1048 est
1901 1024 1954 1046 ca·

1150 1061 1233 1107 lida,
1242 1064 1345 1111 quam
1367 1060 1479 1098 rubra.
1508 1060 1632 1097 Verum
1645 1073 1751 1107 neque
1764 1070 1831 1096 'noc
1841 1072 1959 1109 perpe·

1150 1109 1210 1145 'tuo
1222 1113 1380 1154 constare,
1392 1108 1559 1145 Hetruscae
1570 1120 1654 1157 cepae
1666 1121 1699 1144 te
1710 1108 1808 1144 fateri
1819 1119 1956 1156 cogent,

1149 1171 1290 1207 quarum
1312 1170 1386 1207 quae
1408 1158 1490 1194 albae
1511 1156 1601 1202 sunt,
1620 1156 1706 1193 adeo
1726 1154 1800 1192 sunt
1819 1168 1908 1192 acres
1921 1167 1956 1191 oc

1151 1205 1281 1251 calidae,
1301 1218 1338 1242 ut
1362 1210 1421 1242 vix
1441 1206 1561 1253 gustari
1583 1206 1718 1254 poffint:
1743 1206 1849 1240 rubrae
1873 1204 1956 1239 vero

1149 1254 1264 1291 dulces
1276 1255 1494 1300 videnturne·
1506 1253 1649 1301 proinde
1670 1252 1782 1289 minus
1792 1253 1920 1290 calidae.

1197 1302 1376 1349 Obijciunt
1388 1303 1486 1340 nobis
1498 1300 1674 1350 propofitae
1695 1299 1865 1337 sententiae
1878 1315 1957 1349 pro-

1148 1362 1366 1398 pugnatorest
1388 1354 1421 1385 si
1443 1353 1461 1388 a
1486 1352 1602 1398 primis
1632 1348 1854 1397 qualitatibus
1886 1364 1956 1388 non

1148 1409 1281 1434 oriatur
1293 1398 1402 1445 color3
1416 1412 1483 1435 non
1496 1397 1583 1442 fore,
1597 1410 1633 1434 ut
1652 1399 1768 1433 eadem
1790 1398 1955 1448 te5‚quod

1149 1457 1264 1482 uratur
1273 1459 1329 1482 aut
1342 1446 1598 1494 perfrigeretur,
1607 1446 1757 1482 colorem
1769 1444 1865 1481 suum
1878 1460 1953 1481 mu-

1149 1506 1211 1536 tet3
1222 1507 1280 1529 nec
1289 1495 1385 1544 quod
1396 1493 1533 1530 siccetur
1548 1506 1605 1530 aut
1618 1494 1850 1539 humetum,
1864 1497 1957 1530 vari.

1147 1554 1201 1578 am
1223 1543 1342 1579 induat
1364 1543 1490 1580 coloris
1509 1543 1744 1578 differentiani.
1780 1544 1956 1590 Respond-

1149 1589 1216 1626 hoc
1229 1603 1406 1639 eapropter
1417 1602 1627 1638 contingere,
1635 1592 1728 1638 quod
1741 1602 1817 1626 cum
1829 1590 1954 1634 calore,

1145 1637 1290 1687 frigore,
1307 1638 1466 1683 siccitate,
1483 1644 1513 1674 δέ
1527 1645 1730 1675 humiditate
1741 1638 1811 1674 aliae
1821 1653 1959 1688 quoque

1146 1685 1327 1735 qualitates
1339 1688 1392 1725 vel
1404 1687 1591 1724 affectiones
1613 1692 1648 1723 in
1660 1699 1729 1724 rem
1740 1685 1770 1722 se
1784 1697 1959 1725 transtrin-

1147 1737 1395 1785 dant,quarum
1419 1739 1511 1774 varia
1531 1737 1703 1772 habitudo
1719 1739 1847 1771 «arium
1859 1735 1990 1774 cole-.-

1146 1797 1217 1820 rem
1229 1788 1377 1822 invenit.
1388 1789 1477 1835 Qa
1488 1796 1600 1820 autem
1612 1797 1726 1834 primae
1738 1783 1803 1820 iilae
1813 1784 1960 1834 qualita-

1147 1843 1196 1869 tes
1205 1833 1350 1870 maxime
1361 1836 1622 1882 perlentiunttir,
1652 1834 1723 1870 alia.-
1737 1831 1818 1870 vero
1830 1834 1962 1872 nonita

1146 1882 1383 1927 advertuntur3
1392 1882 1443 1923 fit,
1455 1892 1492 1919 ut
1505 1886 1629 1927 i1>,non
1641 1881 1729 1919 hisce
1749 1880 1873 1917 colotis
1884 1893 1961 1917 mua

1148 1934 1238 1968 tatio
1259 1930 1480 1968 adscribatur:
1506 1929 1696 1967 immerito.
1735 1928 1959 1967 monstratum

1147 1981 1238 2014 enim
1250 1981 1305 2023 est,
1316 1992 1438 2028 primas
1447 1979 1629 2025 qualitates
1653 1977 1884 2017 indifferenter
1895 1973 1961 2015 sese

1149 2026 1323 2066 haberead
1337 2041 1456 2066 omnes
1491 2027 1635 2064 omnino
1647 2032 1682 2065 in
1705 2038 1815 2064 tetum
1839 2026 1970 2063 natura⁴

1151 2076 1300 2113 colores.

1201 2127 1351 2172 Superest
1372 2125 1466 2175 ergo,
1489 2134 1527 2161 ut
1537 2135 1608 2174 quae
1620 2120 1681 2158 lint
1697 2121 1760 2158 illae
1771 2119 1962 2167 elemento,
1986 2145 1988 2151 ›

1150 2184 1225 2208 rum
1237 2174 1425 2210 affeetiones
1436 2173 1592 2210 colorum
1604 2172 1831 2220 productrices
1841 2170 1960 2207 deceta

1150 2226 1402 2268 namus-Igitur
1414 2231 1534 2269 praetei·
1546 2220 1686 2262 formas,
1699 2222 1864 2258 materias,
1876 2232 1960 2268 qua-

1149 2264 1275 2308 litateS,
1287 2278 1359 2304 tum
1370 2272 1494 2316 primas
1505 2280 1578 2303 turn
1589 2265 1746 2303 secundas
1758 2267 1876 2306 dietas,
1893 2267 1962 2302 obis
1984 2288 1987 2294 ·

1147 2312 1277 2350 servare
1300 2315 1381 2352 licet
1401 2317 1619 2352 inclementis
1640 2314 1959 2352 transsucentiain&

1149 2367 1366 2410 opacitatem:
1382 2363 1500 2400 harum
1521 2367 1786 2411 permixtionem
1807 2361 1958 2412 sequitui·
1983 2378 1985 2380 ·

1148 2409 1258 2449 color.
1283 2415 1329 2447 Et
1349 2425 1389 2449 ne
1408 2413 1540 2449 diutius
1565 2423 1691 2455 morer,
1713 2410 1882 2447 Colorem
1895 2411 1956 2450 effe

1148 2469 1235 2508 puto
1246 2470 1351 2494 certam
1359 2460 1495 2507 perspicui
1505 2460 1590 2495 lucidi
1611 2462 1647 2498 (y
1661 2462 1738 2505 opaci
1750 2468 1956 2504 proportionem
1981 2469 1990 2507 ’ᾖ

1147 2511 1252 2552 corpori
1271 2508 1397 2554 infitam,
1415 2507 1472 2555 suti
1477 2510 1567 2555 specie
1572 2518 1738 2553 pingentem
1759 2509 1902 2542 a‘e‘nmad
1911 2511 1959 2543 via
1981 2517 1990 2548 ι’,

1141 2555 1248 2602 fiunem
1253 2557 1433 2603 faciendam.
1455 2563 1565 2600 Quam
1576 2557 1814 2593 definitionem
1825 2556 1883 2593 etsi
1894 2569 1959 2593 no·
1980 2578 1984 2584 ·

1148 2602 1542 2654 vafacieinterpolatam,
1556 2607 1603 2640 ita
1612 2603 1715 2642 velim
1734 2605 1899 2651 accipi‚ut
1913 2617 1957 2643 ne
1979 2620 1989 2638 εῚ

1149 2651 1203 2688 vel
1224 2652 1331 2701 pilum
1355 2656 1372 2691 a
1398 2653 1592 2691 Vitellionis
1613 2657 1645 2689 &
1668 2650 1958 2700 Keplericlarisr.
1979 2675 1983 2683 .

1148 2713 1283 2737 morum
1308 2705 1516 2750 Opticorum
1536 2702 1666 2750 placitis
1697 2696 1864 2745 deflectat,
1882 2699 1956 2738 sen·
1979 2714 1990 2744 :³

1149 2752 1306 2785 tientium
1317 2774 1329 2790 ‚
1349 2750 1500 2787 colorem
1509 2750 1664 2788 esselucem
1681 2751 1955 2795 incorporatam-ut
1978 2753 1990 2796 z}

1147 2797 1390 2845 inquitilleli'b.
1417 2800 1504 2837 i.t}1.
1520 2796 1676 2845 3.uthic,
1699 2795 1955 2844 effeluoemsepul-
1977 2798 1990 2836 «4-

1148 2854 1210 2879 tam
1229 2847 1259 2880 in
1272 2848 1403 2890 pellucidi'
1420 2844 1552 2882 materici.
1582 2849 1636 2881 Sic
1658 2846 1748 2880 enim
1760 2849 1791 2880 δι
1806 2858 1872 2893 ego
1880 2845 1956 2882 sen·
1977 2847 1990 2893 4

283 2275 491 2312 quapropter
510 2264 743 2313 circumspeae
766 2264 926 2314 posuisse,
962 2279 1031 2303 nori
1054 2281 1096 2303 ex

285 2321 551 2360 temperamento
564 2311 636 2348 fieri
648 2312 793 2358 colores,
811 2312 867 2349 sed
889 2313 975 2349 illud
989 2314 1096 2363 ipsum

285 2359 459 2409 consequi·
469 2365 569 2409 Qs
580 2371 710 2397 tutores
722 2361 780 2398 etsi
802 2361 925 2399 merito
936 2376 1043 2399 amem
1055 2365 1097 2400 de

286 2420 400 2443 animo
420 2407 496 2452 isto,
515 2407 610 2456 quod
636 2409 760 2446 Galeni
781 2409 843 2446 sint
867 2412 1096 2460 tamimpenie

283 2455 555 2497 studioli3tamen
569 2456 700 2493 miseret
714 2470 767 2492 me
778 2472 911 2502 eorum,
937 2464 1007 2496 uod
1019 2459 1096 2497 lon-

282 2504 323 2586 ῗέ
334 2505 559 2542 imbecilliore
570 2504 698 2542 fultura
710 2510 864 2542 muniant
875 2509 908 2555 ip
922 2521 971 2545 ius
982 2513 1092 2546 vitio·

300 2565 354 2589 um
373 2556 548 2601 parietem:
572 2555 654 2590 dum
675 2553 892 2602 pernitiosam
910 2554 1004 2592 illam
1025 2556 1093 2603 ejus

284 2603 484 2646 opinionem
517 2604 785 2651 amplectuntur,
815 2616 889 2652 quae
907 2606 1094 2651 primarum

280 2647 490 2730 ¹qualitatum
526 2653 816 2689 commixtionem
853 2650 914 2690 esse
946 2650 1094 2690 formam

299 2694 529 2731 ubstantialem
541 2699 727 2736 constituit.
741 2702 788 2734 Vt
801 2712 837 2736 ut
851 2699 883 2736 se
895 2712 943 2737 res
958 2701 1093 2747 habeat,

283 2741 374 2781 fico,
393 2755 462 2790 quo
486 2742 545 2790 ipsi
565 2747 791 2791 contendunt,
812 2749 922 2786 modo
942 2750 1094 2787 Galenus

285 2791 472 2826 audiendus
493 2793 548 2830 est,
570 2791 661 2829 nulla
683 2796 782 2831 nobis
800 2808 877 2832 cum
912 2809 954 2832 eo
976 2811 1025 2835 res
1037 2798 1092 2835 esti

283 2838 341 2876 sed
365 2850 442 2876 cum
455 2842 493 2885 ils
506 2838 721 2889 tantum,qui
731 2854 783 2878 .ex
795 2847 1097 2895 primatumquali-

282 2897 393 2923 tatum
414 2887 617 2924 habitudine
640 2889 770 2925 colores
815 2894 935 2929 endere
943 2907 1095 2941 pronun-

281 2937 382 2973 tiant.
416 2933 527 2971 Velim
551 2937 658 2982 igitur
670 2939 782 2976 hicon
795 2937 938 2985 iderent,
950 2942 1096 2990 quemli-

283 2982 340 3018 bet
362 2983 518 3020 colorem
537 2995 615 3018 cum
643 2985 799 3032 qualibet
821 2988 982 3035 qualitate
1009 2991 1096 3039 poss'e

282 3029 469 3069 consistere:
480 3032 625 3079 exempli
634 3035 755 3079 gratia,
769 3033 865 3072 albor
876 3037 954 3072 inest
965 3051 999 3074 in
1011 3039 1101 3074 sum-

283 3079 335 3116 me
348 3079 488 3128 calidis,
509 3092 546 3118 ut
559 3082 594 3117 in
605 3080 707 3125 calce,
735 3084 770 3118 in
789 3079 916 3120 summe
945 3085 1102 3134 frigidis,

1151 2897 1219 2938 tio,
1239 2893 1286 2928 ob
1300 2906 1424 2932 certam
1444 2894 1607 2944 perspicui
1629 2907 1705 2930 cum
1729 2906 1836 2942 opaco
1861 2905 1955 2930 com·
1979 2918 1981 2920 v

1152 2942 1359 2979 mixtionem
1372 2943 1543 2981 adsociat&
1556 2944 1629 2979 luce
1640 2943 1790 2978 colorem
1799 2944 1953 2980 emicare.

1155 2991 1347 3040 Verumque
1369 2993 1413 3029 est
1428 2991 1517 3040 sane,
1534 2990 1874 3041 quodlaudatiffimus
1886 2992 1955 3026 Ke-

1150 3037 1260 3086 plerus
1271 3040 1385 3085 docet,
1400 3038 1610 3089 colores,qui
1621 3040 1655 3075 in
1664 3039 1749 3074 iride
1761 3050 1954 3084 cernuntur,
1976 3064 1978 3072 ,

1150 3084 1208 3123 este
1221 3099 1263 3123 ex
1272 3088 1393 3126 eodem
1405 3100 1537 3136 genere,
1556 3101 1598 3125 ex
1608 3100 1677 3136 quo
1686 3085 1953 3170 sunt⁷qmrebl1¹⁶s
1974 3103 1977 3115 ι

1823 3146 1825 3149 ’
1857 3138 1910 3172 ine
1932 3143 1952 3168 c
1972 3146 1977 3161 i
