1990 3386
209 204 271 227 110

206 253 335 288 tabant:
362 265 436 288 narn
448 253 617 290 iterumex
629 263 696 285 uno
706 247 844 286 sensibili
864 249 933 285 duo
955 249 1047 295 fient,

210 312 308 350 atque
337 301 420 336 adeo
433 299 557 348 duplex
568 297 681 343 sensio,
703 298 779 333 cum
799 297 848 333 hae
870 310 1048 335 nervorum

209 352 379 398 portiones
398 367 419 393 ·,
449 359 536 383 trans
576 348 756 383 coitionem
786 344 905 382 scilicet
927 373 939 392 ,
982 359 1049 382 non

213 397 321 433 minus
333 396 481 440 sentiant,
493 398 591 445 qaum
604 407 722 431 nervus
733 397 842 430 unitus
855 400 886 431 &
898 406 1049 432 commu—

212 448 261 481 nis
274 461 283 487 3
295 446 363 481 imo
374 445 415 480 eo
425 442 615 494 exquisitius
628 468 640 488 ,
678 443 723 480 ιιό
734 443 884 492 proprius
906 443 947 479 ad
959 456 1048 479 cere-

213 493 309 529 brum
319 493 486 529 accedunt.
497 492 625 541 Qrto
636 457 682 536 ,tsi
695 492 834 528 coalitus
853 492 906 527 hic
927 492 966 527 ad
977 490 1048 527 sen-

212 540 311 577 fibilis
322 540 559 590 fimplicitatem
571 540 807 589 percipiendam
819 544 1047 590 requireretur,

214 593 332 639 utique
345 592 379 625 in
390 589 463 636 aliis
476 588 620 625 sensibus
636 589 728 638 aeque
740 602 775 623 ac
788 591 821 622 in
836 588 906 625 visu
916 591 942 624 is
961 588 1047 624 foret

213 637 409 673 necessarius:
421 640 535 687 itaque
550 636 646 672 sonus
659 649 959 687 quantumcumque
971 635 1047 671 firn-

209 685 285 735 plex
297 687 448 722 ederetur
462 712 472 731 ,
492 688 642 735 geminus
655 686 821 720 audiretur
831 713 842 730 ,
854 684 929 721 curn
942 686 1047 734 gemi—

210 748 290 770 num
303 733 341 770 fit
352 735 481 771 auditus
497 734 757 778 instrumentnm,
773 739 803 768 &
816 735 1048 769 instrumento-

211 796 286 818 rum
296 785 387 818 nervi
400 797 469 818 non
481 782 668 828 coeant,sed
680 784 697 818 ὲ
715 783 831 818 dextra
840 782 962 818 cerebri
974 794 1048 830 par-

214 841 247 867 te
258 832 439 868 auditorius
449 844 617 879 emergens
640 844 758 867 nervus
781 830 994 867 dextrorsum
1006 829 1048 865 ad

214 878 366 916 foramen
375 881 503 917 auditus
515 878 671 927 pervadat
683 904 694 924 ,
708 885 739 915 &
751 878 870 914 sinister
894 878 934 915 ad
955 878 1045 914 fora-

216 941 292 963 men
304 927 461 964 finistrum
474 943 481 963 t
495 939 525 963 at
540 926 635 963 sonus
645 925 781 976 slmplex
793 954 803 972 ‚
819 939 854 962 ut
867 927 986 971 editur,
1003 928 1049 962 ita

220 981 253 1011 &
265 975 410 1014 sentitur.
424 976 577 1013 Coalitus
588 978 688 1024 igitur
701 975 885 1012 necessarius
905 990 971 1012 non
991 975 1045 1012 est.

213 1025 359 1074 Qnto‚
368 1037 424 1075 per
431 1024 605 1062 oculorum
616 1020 780 1060 morbosas
791 1035 845 1060 aut
862 1021 1050 1073 spontaneas

211 1074 421 1110 distortiones
441 1075 629 1123 opticorum
639 1075 745 1108 unitio
764 1086 832 1108 non
851 1072 1049 1116 dissolvitur,

215 1121 345 1168 objecta
366 1133 475 1159 tamen
504 1125 668 1169 geminata
698 1133 871 1170 apparent;
892 1121 973 1170 ergo
992 1120 1050 1157 illa

216 1173 324 1207 unitio
338 1170 427 1206 causa
450 1171 542 1206 statui
554 1173 668 1219 nequit
679 1195 690 1215 ,
703 1182 760 1205 cur
780 1170 908 1206 obieeta
918 1183 986 1206 non
997 1171 1050 1205 vi-

216 1220 354 1255 deantur
375 1221 546 1266 geminari.

261 1270 342 1303 Haec
351 1270 490 1316 primam
503 1264 622 1303 Galerii
634 1268 794 1301 rationem
806 1265 878 1303 satis
899 1265 1048 1303 funditus

216 1316 371 1352 videntur
393 1326 550 1352 evertere.
573 1315 755 1351 Secundam
779 1317 979 1366 quamquam
999 1315 1049 1351 fa-

216 1364 287 1399 cilis
307 1364 519 1400 Medicorum
550 1361 725 1399 credulitas
751 1365 883 1411 recipiat
893 1388 904 1408 ,
927 1362 1048 1399 horum

218 1424 329 1449 tamen
338 1416 489 1448 omniurn
500 1410 666 1447 consensus
676 1424 743 1446 non
751 1425 804 1448 me
813 1413 966 1457 deterret,
977 1425 1048 1447 eam

219 1460 319 1510 ipsam
333 1464 366 1496 in
375 1461 499 1509 trepide
508 1459 737 1508 reprobantem
749 1474 784 1495 ac
805 1472 1045 1509 pernegantem:

214 1523 290 1546 narn
301 1507 409 1558 &ipsa
421 1520 491 1544 tota
506 1536 518 1553 ‚
543 1514 572 1544 δι
597 1519 668 1543 tota
680 1507 774 1555 ipsius
794 1508 947 1558 probatio
972 1507 1048 1544 falsa

215 1558 274 1593 est.
289 1559 429 1593 Etenim
440 1556 480 1592 ab
491 1555 617 1592 influxu
630 1556 818 1605 spirituum,
831 1557 936 1593 altero
958 1557 1049 1593 clau-

214 1604 251 1643 so
260 1604 360 1641 oculo
373 1604 426 1641 vel
440 1604 575 1650 mutilo,
588 1603 717 1641 alterius
729 1605 887 1654 pupillam
909 1620 976 1641 non
995 1605 1049 1641 di-

215 1653 309 1689 latari
322 1679 334 1699 ,
355 1654 567 1689 evidenter&
587 1654 815 1702 argumentose
835 1654 1048 1703 probavimus

213 1701 304 1738 libro
325 1704 444 1750 primo:
467 1702 558 1752 aeque
579 1702 680 1750 porro
704 1702 872 1738 evidenter
894 1702 1051 1752 probabi-

218 1763 291 1786 mus
303 1750 390 1786 libro
400 1761 531 1800 quarto,
542 1749 646 1786 altero
658 1748 766 1786 clauso
784 1751 884 1787 oculo
907 1765 974 1788 non
993 1764 1052 1788 ro-

217 1798 329 1834 borari
340 1797 477 1834 alterum
490 1824 501 1844 ‚
524 1797 576 1834 seu
588 1801 622 1833 in
635 1799 907 1847 apprehendendo
917 1800 1051 1838 obiecto

218 1860 286 1882 non
295 1847 388 1883 reddi
398 1848 629 1896 potentiorem.
644 1847 814 1884 Caeterum
833 1851 1052 1887 recentiorum

215 1897 455 1932 eminentiffimi
466 1895 600 1944 quidam
609 1898 752 1945 priorem
764 1896 882 1933 Galeni
892 1899 1053 1938 rationem

219 1945 239 1980 ὲ
252 1944 348 1979 nobis
358 1944 529 1979 adductam
542 1949 574 1979 &
586 1944 758 1982 refutatam
778 1945 919 1982 stabilire
941 1948 1063 1985 nitun-.

223 2001 278 2026 tur
289 2005 332 2027 ex
345 1991 476 2028 Galeno
485 1990 553 2040 ipso
565 1991 764 2041 sic:OPticos
775 1997 809 2030 in
819 1995 935 2032 eadem
945 1994 1052 2045 plani-

220 2042 267 2075 tie
286 2039 460 2088 procedere
481 2038 634 2075 neceffum
644 2052 709 2076 erat
723 2055 776 2085 ‚ne
790 2046 901 2080 omnia
911 2044 1055 2093 duplicia

222 2099 423 2136 apparerent:
437 2098 468 2122 at
479 2085 502 2123 fi
517 2086 666 2123 disiuncti
687 2089 794 2135 essent,
804 2092 821 2126 a
833 2091 932 2140 plano
941 2105 1055 2130 extur-

223 2136 294 2172 bari
303 2134 527 2186 declinareque
547 2147 708 2184 poterant3
729 2140 847 2175 merito
868 2141 948 2188 ergo
960 2153 1055 2178 natu-

224 2198 259 2220 ra
268 2183 352 2234 ipsos
364 2186 507 2221 invicem
517 2183 806 2236 conjunxit.Qod
818 2188 874 2224 hic
882 2199 1050 2236 tamquam

226 2234 336 2282 primo
357 2246 472 2269 verum
484 2232 640 2269 affumunt
653 2232 793 2277 ‚scilicet
814 2236 854 2272 ad
872 2236 956 2271 reete:
969 2236 1052 2273 obe-

226 2283 351 2318 undam
363 2280 522 2317 vifionem
533 2285 661 2331 opticos
685 2283 717 2316 in
740 2283 857 2319 eodem
877 2282 974 2332 plano
995 2286 1055 2322 de—

224 2330 301 2366 bere
311 2329 463 2366 constitui
479 2356 490 2374 ‚
499 2343 625 2366 merum
635 2331 678 2367 est
689 2329 884 2379 figmentum
897 2348 904 2367 :
928 2331 951 2368 si
969 2337 1057 2371 enim

228 2379 263 2414 id
277 2381 462 2427 requiratur
473 2405 484 2424 ‚
501 2377 582 2415 vifio
595 2392 661 2413 non
673 2381 706 2413 in
730 2379 832 2415 oculo
843 2407 854 2425 ,
868 2380 921 2416 sed
941 2383 975 2416 in
996 2395 1058 2431 op-

226 2428 299 2462 ticis
312 2426 466 2463 celebrari
476 2427 612 2464 dicenda
623 2427 678 2462 est:
692 2441 774 2476 quos
784 2427 899 2465 frustra
921 2428 1058 2478 fatigant

229 2484 301 2509 tum
312 2473 459 2511 Galenus
469 2503 480 2521 ,
491 2487 564 2511 tum
579 2474 632 2523 alii
647 2476 793 2520 Medici,
808 2488 843 2512 ut
863 2476 904 2511 ab
925 2480 970 2513 eis
983 2490 1060 2515 cau-

225 2520 291 2558 sam
300 2525 459 2569 geminati
470 2525 634 2572 adspectus
656 2535 873 2572 extorqueant
885 2539 896 2567 3
918 2539 992 2562 nam
1013 2528 1059 2563 ob

227 2568 363 2604 alterius
371 2571 461 2607 oculi
473 2573 512 2608 acl
533 2571 672 2608 alterum
697 2572 854 2621 angulum
875 2587 973 2609 manu
992 2573 1061 2611 fac-

229 2629 298 2652 tam
309 2618 536 2666 impulfionem
548 2620 676 2667 objecta
689 2623 845 2657 videntur
856 2625 1059 2669 gemina,nec

231 2677 341 2701 tamen
352 2669 451 2713 optici
471 2680 543 2703 tum
562 2671 579 2704 a
599 2667 657 2705 suo
681 2669 781 2718 plano
804 2668 986 2708 discedunt.
1012 2677 1062 2709 At

230 2713 345 2751 dehoc
363 2713 557 2751 luculentius
582 2715 669 2753 libro
692 2717 849 2767 sequenti.

281 2768 365 2809 Qae
381 2763 460 2809 ergo
478 2764 609 2799 tandem
620 2768 776 2801 unitionis
784 2768 970 2816 opticorum
979 2771 1064 2805 ratio

232 2810 289 2855 est,
303 2819 399 2857 atque
409 2809 544 2846 utilitas}
556 2814 684 2848 Decius
695 2814 902 2852 Hofmannus
912 2818 945 2851 in
957 2822 1065 2854 Com-

235 2857 449 2904 me'tarijsillis
458 2858 693 2906 elegantissimae
705 2863 860 2898 doetrinae
871 2863 1065 2914 plenis‚pro-

232 2906 335 2956 pofitfi
355 2908 402 2942 rei
425 2906 616 2942 difficultate
640 2909 823 2945 exstimulat
849 2925 964 2959 magna
974 2916 1066 2961 inge-

239 2957 348 3000 nia‚ne
357 2967 413 3002 per
420 2953 483 3003 ipsa
493 2952 655 2989 thesaurus
666 2956 718 2990 hic
727 2958 810 2994 ultra
822 2962 855 2994 in
865 2959 1002 2997 obscuro
1013 2961 1063 2999 fit.

237 3003 367 3039 Vellem
375 3003 529 3052 equidem
539 3013 670 3037 conatus
679 3002 788 3040 saltem
799 3006 885 3044 fuiss'e
894 3018 907 3043 t
916 3006 978 3055 ipse
987 3023 1063 3046 eum

240 3065 362 3089 eruere.
386 3051 449 3087 Sed
467 3054 513 3087 ita
539 3049 621 3086 solet
641 3049 719 3086 alias
743 3057 841 3089 etiarn
875 3056 1062 3103 confragosa

235 3099 308 3138 loca
335 3099 493 3137 ostentare
512 3097 640 3137 tantum
668 3103 701 3136 &
729 3100 926 3148 praetersilire
935 3128 948 3149 ,
964 3114 1063 3153 atque

584 192 745 226 VOP.
798 184 1293 232 FORTVNATI
1334 184 1682 224 -PLEMPII

1102 244 1225 294 elapsus
1238 260 1298 283 nos
1320 244 1377 284 sub
1398 246 1508 282 cultro
1517 239 1532 291 L5
1557 258 1593 282 ut
1615 238 1931 296 ajunt,relinquer?÷'
1981 247 1983 259 ³

1105 294 1291 330 Praestemus
1319 296 1400 331 vero
1409 308 1468 330 nos
1488 294 1626 350 aliquid.
1646 291 1851 329 Thesaurum
1870 290 1931 325 ali-

1104 355 1204 391 quem
1215 342 1272 378 hic
1291 342 1467 380 abstrusum
1480 342 1536 380 effe
1548 343 1682 380 minime
1702 339 1853 389 suspicor.
1874 339 1929 375 Ni
1982 368 1984 373 ,

1104 389 1236 426 visionis
1248 390 1331 426 nihil
1343 391 1486 428 interess'e
1497 392 1620 436 censen,
1647 394 1845 426 unianturne
1858 401 1931 423 ner-

1103 441 1138 474 vi
1149 441 1263 487 optici,
1280 454 1320 475 an
1330 438 1513 489 separentur
1526 467 1537 486 ‚
1551 452 1605 476 aut
1617 441 1714 476 etiam
1736 437 1793 473 fibi
1813 437 1930 473 mutuo

1103 485 1364 538 superequitent,
1387 500 1424 524 ut
1447 491 1480 524 in
1511 490 1626 525 avibus
1648 485 1838 538 quibusdam
1859 484 1929 522 fieri
1948 529 1952 532 γ
1984 525 1985 528 ¹

1102 536 1266 583 proditurz
1279 539 1360 572 item
1370 535 1470 573 fintne
1481 542 1513 574 in
1525 537 1640 574 eodem
1651 535 1749 585 plano
1761 548 1800 570 an
1820 534 1930 570 diuer-

1102 582 1204 626 so;&
1227 585 1370 634 denique
1393 587 1706 634 quomodocumque
1727 583 1875 619 locentur
1895 588 1931 620 δι

1103 631 1293 678 volvantur,
1307 633 1411 669 modo
1425 634 1564 672 visivum
1573 633 1720 682 spiritum
1743 631 1804 669 rite
1825 631 1931 668 oculis

1102 681 1354 727 subministrent,
1372 684 1461 731 quod
1473 682 1577 719 solum
1591 682 1633 718 est
1642 695 1757 718 eorum
1768 681 1926 717 officium.

1106 729 1203 765 Vnde
1212 730 1346 765 obtutus
1359 741 1430 765 tum
1440 730 1590 780 simplicis
1602 742 1676 766 tum
1697 729 1838 778 duplicis
1857 739 1930 766 tota

1102 774 1192 813 causa
1201 787 1240 813 ex
1266 778 1370 814 oculis
1378 781 1514 828 petenda
1525 781 1698 828 est.ltaque
1707 792 1774 814 non
1785 777 1930 822 villonis,

1103 826 1156 862 sed
1170 825 1306 862 ‚alterius
1319 826 1482 874 cujusdam
1502 831 1605 877 gratia
1629 840 1806 864 nervorum
1826 825 1929 861 coali-

1102 884 1175 909 tum
1199 885 1346 911 naturam
1394 876 1630 913 emachinatam
1649 876 1738 913 fuiss'e
1757 876 1800 912 est
1818 874 1929 911 existi-

1106 923 1239 958 mandfi.
1269 927 1315 959 Et
1328 925 1408 960 vero
1419 924 1499 961 nolo
1511 924 1802 974 penituseliminari
1812 937 1927 961 eorum
1961 963 1963 969 s

1104 969 1294 1007 sententiam
1306 998 1316 1016 ,
1354 974 1386 1007 ui
1400 973 1626 1010 roborationis
1638 979 1669 1010 &
1681 972 1854 1010 suffulturae
1874 987 1926 1008 cr-a

1103 1030 1150 1066 go
1160 1030 1278 1054 nervos
1291 986 1385 1057 hoci‘ce
1396 1020 1523 1059 tantum
1533 1023 1720 1070 conjuncotos
1731 1023 1854 1059 dicunt.
1868 1022 1926 1060 Est

1102 1069 1191 1102 enirn
1199 1069 1284 1103 ratio
1294 1068 1350 1104 illa
1360 1070 1512 1119 centuplo
1532 1070 1734 1122 probabilior
1754 1074 1811 1117 ea,
1826 1085 1924 1122 quam

1102 1115 1248 1151 Galenus
1259 1115 1420 1164 gloriatur
1432 1116 1461 1154 se
1475 1120 1638 1157 invenisse:
1663 1133 1861 1170 quamquam
1875 1131 1924 1156 ta·-

1103 1176 1180 1199 men
1189 1163 1320 1213 necipse
1332 1167 1440 1203 valide
1453 1180 1489 1203 ut
1511 1167 1763 1217 improbabilem
1787 1169 1924 1214 reijciat,

1103 1223 1208 1261 neque
1229 1216 1468 1298 Aquapendens
1490 1232 1634 1268 quoque.
1648 1217 1703 1252 Ab
1723 1217 1922 1254 hocnihilo=

1102 1273 1210 1296 minus
1232 1275 1273 1298 ve
1289 1274 1325 1298 ut
1345 1278 1412 1300 non
1432 1279 1508 1302 vera
1530 1269 1615 1302 ratio
1633 1267 1678 1301 ita
1698 1268 1921 1314 impugnatur:

1103 1310 1190 1356 Poffet
1199 1321 1306 1346 natura
1314 1323 1363 1358 per
1373 1317 1561 1361 longtssumum
1580 1326 1668 1350 etiam
1688 1316 1800 1349 ductum
1821 1327 1923 1350 neruos

1103 1359 1286 1394 membraneis
1297 1362 1411 1396 nexibus
1427 1364 1575 1410 suffulcire
1587 1364 1767 1412 stipareque3
1785 1366 1923 1408 quemad-

1104 1409 1216 1442 modum
1227 1411 1260 1453 ijs
1271 1410 1383 1455 evenisse
1394 1414 1523 1447 credibile
1533 1414 1581 1459 est,
1593 1413 1689 1458 quibus
1695 1416 1823 1457 separati
1843 1425 1922 1447 com-a

1098 1458 1177 1499 perti
1195 1456 1276 1501 sunt.
1291 1458 1405 1504 postet,
1415 1458 1529 1497 fatcor.
1539 1463 1601 1497 Sed
1613 1461 1636 1498 fi
1648 1461 1732 1496 nolit
1749 1463 1794 1496 ita
1804 1460 1921 1507 facere,-

1103 1515 1211 1539 nonne
1235 1510 1266 1539 &
1290 1505 1367 1541 hera
1388 1512 1419 1542 ὅ(
1441 1509 1575 1546 domina
1592 1510 1636 1545 est
1653 1522 1761 1546 rerum
1783 1515 1920 1548 natura}

1103 1550 1214 1604 Multa
1224 1551 1316 1588 aliter
1324 1556 1358 1589 in
1368 1569 1507 1604 corpore
1515 1559 1624 1595 nostro
1643 1558 1799 1594 fabricare
1821 1571 1922 1606 potu-

1103 1598 1182 1644 isset,
1196 1606 1227 1637 &
1252 1602 1349 1638 nobi&
1378 1605 1506 1641 arbitris
1527 1606 1665 1645 fortaffis
1687 1609 1784 1642 etiam
1804 1606 1922 1644 rectius

1103 1646 1223 1697 aliqua,
1246 1663 1317 1699 quae
1341 1663 1448 1689 tamen
1468 1655 1645 1692 archim&
1669 1654 1719 1690 illi
1738 1668 1805 1691 non
1825 1654 1924 1693 libuit

1103 1708 1229 1752 mutare
1239 1700 1284 1734 ob
1293 1699 1398 1737 causas
1409 1702 1504 1739 nobis
1525 1706 1753 1754 incompertam
1774 1708 1825 1739 Ita
1844 1703 1922 1743 cum

1103 1744 1316 1784 multitudine
1336 1763 1454 1786 nervos
1477 1752 1560 1798 hos,
1574 1756 1658 1789 inter
1688 1752 1769 1789 alios
1801 1752 1924 1790 cerebri

1104 1805 1224 1831 nervos
1235 1795 1302 1833 fere
1313 1796 1530 1848 longiffimos‚
1537 1801 1678 1838 stabilire
1687 1801 1926 1852 potuiss'et‚mo-

1104 1840 1185 1879 dum
1195 1853 1303 1882 tamen
1322 1843 1429 1892 istum,
1451 1852 1506 1898 qui
1514 1863 1571 1899 per
1592 1851 1855 1899 conjunGtionem
1874 1850 1926 1897 fit,

1104 1889 1226 1938 placuit
1236 1896 1266 1930 ei
1274 1895 1393 1943 eligere
1402 1907 1568 1948 tamquam
1577 1911 1642 1948 prae
1653 1911 1774 1936 caeteris
1781 1901 1927 1946 paratio-
1949 1933 1952 1939 .

1105 1945 1285 1987 rem‚&in
1306 1944 1439 1982 cerebro
1460 1948 1628 1984 tutiorem.
1654 1952 1830 1985 Tutiorem
1852 1950 1928 1998 quia

1105 1987 1195 2036 dem,
1205 1994 1281 2041 quia
1292 1994 1426 2029 minime
1441 1995 1614 2032 videbatur
1637 1998 1800 2047 expedire,-
1811 1998 1845 2032 in
1855 2010 1929 2032 mea

1106 2036 1224 2076 dullari
1249 2041 1372 2078 cerebri
1391 2040 1562 2081 substantia
1581 2047 1800 2083 membraneas
1822 2044 1930 2082 fibriis

1107 2083 1152 2141 las
1163 2099 1218 2125 aut
1227 2088 1403 2138 ligamenta
1412 2095 1510 2128 creari
1520 2094 1561 2130 ad
1570 2097 1747 2131 nervorum
1754 2092 1930 2130 substenta-
1952 2115 1953 2119 =

1107 2144 1245 2174 tionem.
1257 2141 1459 2176 Paratiorem
1473 2142 1567 2187 vero,
1577 2146 1654 2192 quia
1674 2144 1737 2193 ipse
1752 2155 1930 2180 nervorum

1108 2185 1286 2264 progressus
1296 2187 1455 2223 invitabat
1468 2201 1614 2226 naturam
1627 2193 1667 2227 ad
1687 2192 1867 2228 faciendam
1886 2189 1932 2226 il-

1123 2244 1174 2284 am
1183 2236 1457 2279 conlunetionem.
1472 2240 1606 2274 Etenim
1615 2253 1655 2274 ex
1666 2241 1825 2288 principio
1836 2248 1932 2274 trun-

1107 2283 1138 2312 'ci
1159 2277 1286 2328 spinalis
1305 2281 1456 2319 medullae
1479 2285 1641 2322 trahentes
1662 2283 1845 2335 originem,
1864 2286 1931 2322 ibi·
1985 2282 1987 2287 ⁴

1109 2326 1250 2378 demque
1263 2329 1401 2366 notabili
1415 2329 1487 2368 satis
1500 2334 1675 2371 intervallo
1694 2335 1825 2383 sejuncti
1837 2348 1933 2385 prora

1109 2372 1179 2411 sum
1187 2378 1393 2426 pertendunt.
1408 2381 1564 2430 Cumque
1584 2397 1650 2419 non
1672 2385 1817 2421 medium
1837 2382 1931 2433 plane

1110 2423 1231 2461 offeum
1253 2426 1343 2461 oculi
1367 2427 1548 2465 thalamum
1578 2433 1728 2475 intraturi
1749 2445 1855 2479 erant,
1877 2429 1931 2470 sed

1111 2482 1236 2518 partem
1254 2473 1389 2511 thalami
1414 2476 1580 2515 lateralem
1599 2494 1692 2526 eam,
1727 2494 1799 2530 quae
1820 2480 1930 2517 nasum

1110 2518 1420 2567 speetat,debebant
1429 2524 1659 2576 consequenter
1679 2531 1713 2565 in
1732 2544 1772 2566 eo
1791 2528 1932 2578 proceffis

1113 2569 1295 2623 antrorsum
1308 2571 1366 2608 fibi
1387 2572 1458 2609 fieri
1478 2576 1676 2621 vicinior-2⁵3
1698 2592 1772 2614 nam
1791 2577 1932 2614 intersti-

1113 2628 1198 2653 tium
1218 2621 1302 2654 inter
1320 2620 1493 2657 amborum
1504 2622 1692 2662 insertiones
1710 2639 1779 2661 non
1800 2636 1867 2662 tam
1887 2625 1932 2662 est

1114 2665 1374 2717 amplum‚quam
1381 2672 1466 2705 inter
1475 2682 1567 2706 ortus
1576 2674 1777 2710 eorumdem.
1789 2679 1860 2711 Iam
1873 2687 1933 2711 ve·-

1116 2715 1154 2750 ro
1167 2717 1200 2750 in
1215 2730 1252 2752 ea
1261 2719 1381 2753 vicinia
1392 2720 1621 2767 paratissimum
1632 2733 1816 2769 natureerat
1827 2721 1931 2759 face're
1988 2750 1990 2755 -

1116 2762 1284 2801 coalitum:
1298 2768 1439 2803 maxime
1450 2769 1583 2817 quiaita
1593 2769 1663 2805 fieri
1681 2770 1846 2817 judicabat
1862 2773 1941 2807 ani-r·
1988 2773 1990 2797 ἶ

1117 2811 1257 2848 malibus
1266 2816 1432 2863 expedire.
1453 2816 1661 2864 Expediebat
1680 2819 1780 2867 porro
1803 2833 1844 2856 eo
1865 2818 1936 2855 loci*
1985 2820 1990 2852 Ξ

1117 2872 1236 2898 nervos
1255 2861 1400 2909 stabiliri,
1413 2878 1490 2909 non,
1502 2875 1539 2900 ut
1558 2865 1698 2902 delirant
1714 2866 1860 2917 plerique
1869 2876 1933 2913 ,ne

1117 2912 1150 2945 in
1169 2910 1293 2945 cerebri
1312 2911 1571 2949 concussionibus
1591 2913 1830 2963 disrumpantur
1842 2941 1855 2961 ,
1876 2925 1932 2952 aut

1116 2957 1208 2994 aliter
1217 2958 1478 3010 distorqueamur
1489 2965 1505 3003 (
1517 2974 1694 3012 numquam
1706 2960 1793 2999 enim
1812 2975 1932 3000 naturz

1116 3007 1298 3043 institutum
1311 3009 1350 3044 ad
1360 3019 1507 3044 externas
1529 3008 1681 3046 fortuitas
1701 3012 1855 3059 dirigitur
1874 3021 1932 3047 oc-

1116 3054 1266 3092 casiones:
1280 3060 1296 3098 )
1308 3054 1361 3092 sed
1371 3059 1447 3105 quia
1457 3057 1533 3092 loco
1542 3057 1603 3093 illo
1613 3059 1780 3095 cerebrum
1792 3057 1932 3095 maxim&

1114 3102 1301 3141 humectum
1312 3104 1355 3141 est
1364 3109 1395 3141 &
1408 3107 1704 3155 excrunmrofum,
1714 3117 1811 3157 atque
1831 3108 1932 3156 optici

1214 3159 1217 3162 “
1741 3154 1933 3195 mollissitn'i.⁴
