1990 3386
229 164 290 199 318

236 285 306 309 tam
318 286 426 309 rerum
436 272 659 320 cognitionem
669 266 797 305 elicere.
808 271 881 303 Nec
903 268 985 303 vero
996 280 1067 302 cer-

238 321 349 358 titudo
363 321 429 357 haec
439 320 571 355 tollitur
581 316 670 360 idco,
686 315 779 365 quod
791 315 956 351 interdum
968 321 998 352 ἃ
1011 329 1068 363 per

238 369 385 406 accidens
395 365 495 403 sensus
506 366 680 402 mentiatur
694 379 702 398 ι
715 366 835 399 etenim
845 377 913 398 non
922 365 1068 399 innitun—

240 431 293 454 tur
301 415 438 452 scientiae
453 412 665 464 singularibus
686 410 881 458 sensionibus
907 411 960 448 vel
972 426 1010 447 ex
1035 426 1071 447 e-

242 466 377 511 rientijs,
390 462 443 500 sed
453 463 620 500 communi
643 462 866 509 experimento
889 473 931 495 cx
958 474 1012 495 mu
1028 463 1070 496 tis

244 512 456 562 singularibus
476 511 619 562 repetitis
637 520 838 558 comparato,
849 509 941 556 quod
960 507 1070 544 fallere

243 576 310 598 non
335 560 449 610 potest.
764 604 770 608 Ι
997 601 1002 605 ¹

290 611 458 646 Dilemma
468 606 608 644 secundo
629 605 705 641 loco
715 604 892 651 obJeCium,
913 597 1071 653 sophisma

241 657 286 693 est
297 661 342 694 ita
351 656 592 694 extricandum:
607 652 729 691 sensum
745 652 802 689 hic
822 657 853 687 δι
880 661 963 685 nunc
975 646 1070 706 falli,

247 709 334 743 ratio
354 705 482 754 colligit
502 716 542 739 ex
569 701 709 738 sensione
729 699 906 749 praehabitfi
937 708 1071 731 mininie

243 754 350 790 fallaci
363 768 423 797 3ex
439 767 506 802 quo
514 751 629 788 deduci
641 763 706 785 non
721 749 835 798 potest,
844 744 965 784 sensum
977 756 1072 778 num-

246 817 346 852 quam
360 802 442 847 falli,
452 801 505 838 scd
516 797 639 837 sensum
649 796 727 846 saepe
737 809 884 834 veracem
895 794 961 829 ess'c.

297 852 405 899 Tertii
429 849 610 898 argumenti
633 860 673 882 ne
698 858 787 882 amus
809 847 970 880 minorem
983 855 991 875 :
1016 837 1071 875 etsi

246 902 334 935 enim
344 913 399 948 per
411 896 441 934 se
451 905 482 934 oc
496 910 536 933 ex
550 907 661 931 natura
672 859 726 931 Pria
734 892 878 939 obietsto,
886 894 903 927 a
916 903 989 943 quo·
994 902 1073 938 pro-

247 948 380 983 ducitur
399 959 435 982 ac
453 944 633 993 dependet,
646 942 844 985 assimiletur,
853 953 908 989 per
927 940 1071 973 accidens

251 1006 360 1031 tamen
372 995 443 1031 fieri
452 993 555 1044 potest
575 990 819 1041 aliquando,vt
839 1001 905 1023 non
926 999 981 1035 per
998 999 1073 1021 om-

249 1046 303 1079 nia
312 1045 419 1081 eidem
439 1041 550 1080 similis
562 1051 676 1082 exeat,
696 1039 766 1074 imo
786 1037 945 1073 dissentiat
964 1034 1016 1090 'ab'
1031 1046 1072 1068 eo

247 1095 349 1128 etiam
360 1105 500 1128 immane
513 1100 681 1139 quantum.
694 1101 728 1123 v.
740 1100 773 1134 g.
785 1096 917 1135 propter
929 1094 1073 1138 'nimiam

250 1143 298 1176 rei
309 1139 528 1190 adspeetabilis
538 1139 756 1173 remotionem
768 1134 865 1182 longe
891 1144 999 1168 minor
1023 1142 1072 1166 te-

247 1190 424 1238 nuiorque,
435 1189 534 1238 quam
545 1198 591 1221 res
602 1184 652 1228 sit,
662 1186 771 1231 imago
781 1182 983 1231 producitur:
997 1192 1076 1228 pro-

251 1249 324 1286 Pter
343 1237 518 1286 obliquum
537 1247 646 1270 rerum
668 1232 765 1269 situm
786 1230 964 1266 contractas
990 1228 1072 1278 ipsas

250 1286 519 1335 apprehendimus
531 1289 594 1320 &Q
853 1329 858 1333 ῃ
991 1324 997 1331 ·

300 1336 429 1369 Dirutis
441 1331 596 1370 ambabus
610 1329 693 1366 hisce
713 1328 888 1375 sententijs,
898 1323 1076 1360 secedimus

251 1385 285 1418 in
297 1383 393 1418 castra
403 1378 895 1430 Peripateticorum‚docentium
903 1371 1073 1427 sensum5&

251 1429 483 1481 consequenter
495 1427 600 1465 visum
611 1440 759 1476 quoque,
771 1424 851 1474 saepe
884 1429 916 1460 δι
928 1421 1073 1458 maxima

254 1494 296 1516 ex
306 1491 396 1528 parte
408 1491 523 1514 verum
534 1476 603 1518 esse3
613 1475 778 1510 interdum
789 1486 897 1510 tamen
907 1481 1023 1506 errare.

304 1527 374 1563 Vbi
384 1525 535 1562 subtilius
554 1523 802 1572 expendendum
823 1521 887 1566 est,
899 1522 982 1555 circa
1000 1529 1074 1566 quae

253 1588 358 1611 errare
369 1574 435 1611 fere
448 1575 616 1620 contingat
626 1570 743 1616 visurn,
753 1576 786 1606 &
808 1572 892 1605 circa
914 1579 986 1618 quae
1006 1577 1074 1599 non

257 1626 349 1659 item.
362 1627 410 1659 At
420 1636 459 1658 ne
471 1633 635 1670 captemur
647 1622 664 1656 ἦ
674 1618 931 1661 cavillatoribus,
947 1626 1075 1667 praeno-

259 1682 328 1707 tare
338 1671 469 1720 expedit
481 1682 576 1718 atque
591 1667 764 1712 elucidare,
777 1664 950 1716 quomodo
962 1666 996 1699 in
1005 1658 1075 1698 visu

253 1722 432 1768 reperiatur
444 1721 563 1755 veritas
584 1727 639 1751 aut
646 1714 784 1751 falsitas:
800 1725 873 1749 tum
891 1726 960 1762 quo
981 1710 1078 1759 pa6to

258 1770 290 1803 ei
308 1767 466 1813 judicium
488 1764 694 1801 attribuatur.
707 1767 868 1800 Breviter.
892 1763 1022 1797 Veritas
1039 1770 1077 1795 ea

258 1820 291 1851 &
304 1814 420 1852 falsitas
442 1828 509 1850 non
520 1813 592 1849 esta
612 1811 683 1848 visu
701 1811 882 1860 exigenda,
899 1822 998 1859 quam
1011 1808 1077 1855 sor·

257 1868 362 1899 malem
420 1863 596 1909 compofiram
606 1871 726 1897 vocant
739 1863 880 1910 :quippe
901 1858 970 1893 haec
980 1856 1081 1910 dum-5

258 1923 349 1948 taxat
374 1911 491 1948 ormali
502 1909 683 1945 intelle6tus
704 1908 828 1956 judicio
848 1906 1017 1949 convenit,
1025 1916 1078 1939 cui

257 1959 321 1997 soli
335 1960 527 1996 decernendi
537 1959 585 2005 jus
593 1958 637 1993 est
648 1984 659 2003 ,
671 1956 735 1992 hoc
743 1957 788 1993 est
796 1984 807 2002 ‚
817 1969 919 1992 unum
929 1953 1020 1990 alteri
1029 1964 1080 1988 at-

261 2007 449 2052 tribuendi,
464 2005 518 2041 vel
529 2006 570 2040 ab
594 2005 697 2041 altero
717 2004 910 2041 removendi
930 2014 1081 2053 per-mo-

263 2056 345 2091 dum
366 2052 610 2103 compositionis
620 2052 673 2088 vel
682 2052 851 2088 divisionis
863 2068 872 2095 ’,
883 2064 981 2101 quam
993 2049 1081 2096 judi-

261 2105 356 2139 candi
366 2105 614 2152 praerogativam
624 2113 691 2135 non
701 2100 829 2135 obtinet
840 2100 935 2136 visus.
950 2102 998 2135 Ea
1008 2109 1082 2133 tan-

264 2151 338 2188 tum
348 2153 466 2188 veritas
477 2155 509 2186 &
520 2148 638 2186 falsitas
647 2146 730 2183 visui
747 2148 793 2184 est
810 2147 948 2183 concessa
960 2171 971 2190 ,
983 2159 1081 2195 quam

263 2200 481 2247 appretienfionia
498 2201 665 2233 nominare
677 2195 751 2232 licet
767 2208 841 2244 :per
852 2208 949 2244 quam
966 2192 1080 2240 nempe

265 2248 478 2297 apprehendit
489 2246 542 2282 vel
553 2259 619 2280 non
631 2244 839 2293 apprehendit
850 2256 918 2278 rem
929 2268 940 2287 ‚
951 2239 1029 2276 ficut
1047 2242 1081 2274 in

270 2297 300 2334 se
310 2297 364 2339 est3
376 2302 407 2333 &
428 2293 659 2343 consequenter
682 2290 929 2342 apprehensione
950 2288 1006 2324 illa
1027 2286 1081 2324 sua

267 2345 468 2381 occasionem
476 2342 602 2379 errandi
622 2339 676 2376 vel
696 2354 764 2377 non
779 2339 903 2378 errandi
923 2336 1016 2373 offert
1032 2338 1083 2370 in-

266 2392 423 2429 tellectui.
450 2390 606 2426 Similiter
617 2389 775 2436 judicium
787 2388 870 2424 illud
886 2385 992 2423 solum
1001 2382 1083 2419 visui

267 2443 472 2485 attribuitur,
484 2439 576 2488 quod
596 2450 662 2473 non
673 2437 880 2485 distinguitur
890 2436 908 2470 a
918 2434 1084 2482 cognitio-

268 2501 308 2523 ne
317 2491 486 2533 eorum‚de
496 2490 615 2536 quibus
627 2485 784 2532 judicium
794 2483 896 2519 fertur
907 2497 917 2525 ς
926 2493 1021 2532 atque
1041 2480 1084 2516 il-

269 2534 328 2572 lud
337 2538 395 2582 est,
428 2550 472 2572 uo
483 2534 632 2572 discernit
643 2532 706 2582 ipsa
716 2535 862 2583 potentia
873 2529 975 2567 visiva
992 2528 1085 2566 diffe-

268 2587 385 2619 rentias
404 2551 539 2621 suorum
562 2583 779 2629 oblectorum.
801 2580 964 2616 Iudicium
992 2591 1086 2613 nam-

268 2643 345 2678 que,
360 2645 426 2679 quo
437 2632 593 2668 definitur
602 2631 767 2677 objecstum
789 2627 870 2664 utile
892 2627 948 2663 effe
958 2636 1013 2662 aut
1023 2639 1087 2662 no-

272 2679 364 2714 xium
377 2705 387 2722 ,
396 2678 550 2728 superiori
564 2678 616 2725 alij
627 2681 795 2727 proprium
805 2676 850 2712 est
870 2674 1027 2711 facultati.

320 2730 393 2760 Iam
400 2728 478 2774 ergo
488 2728 639 2771 dicimus,
650 2726 758 2762 visum
766 2739 841 2773 ,per
860 2723 890 2760 se
908 2722 1088 2773 loquendo,

274 2787 341 2809 non
350 2772 514 2809 t'allicirca
537 2773 693 2810 sensibilia
713 2776 845 2823 propria
860 2771 924 2808 sive
946 2773 979 2806 in
997 2784 1089 2806 com-

277 2824 368 2858 muni
377 2848 388 2867 ,
399 2820 506 2857 sivein
516 2823 699 2869 particulari
709 2818 973 2865 considerata,sed
983 2817 1089 2855 solum

275 2883 331 2918 per
341 2869 498 2904 accideris:
511 2873 593 2903 circa
613 2873 798 2906 communia
817 2869 896 2904 vero
918 2870 1016 2904 etiam
1034 2879 1091 2915 per

277 2917 307 2955 sc
321 2917 390 2953 falli
401 2943 412 2961 ,
433 2914 604 2964 multoque
637 2919 737 2964 magis
758 2920 841 2953 circa
858 2915 1013 2952 sensibilia
1034 2926 1091 2963 per

277 2966 434 3002 accidens.
450 2965 570 2999 Prioris
582 2966 678 3011 partis
690 2965 807 3001 vadem
817 2963 923 3001 habeo
936 2975 1090 3012 magnum

276 3012 487 3051 Aristotelem
506 3012 557 3047 tib.
575 3024 605 3047 2,
618 3017 649 3046 de
660 3018 775 3056 Anima,
787 3013 849 3047 hoc
872 3013 1004 3047 nomine
1014 3008 1085 3047 sen-

277 3062 367 3099 sibile
377 3063 545 3112 proprium
566 3059 860 3105 commendantem,
871 3059 944 3106 qubd
961 3070 1038 3096 circa
1052 3059 1084 3095 id

607 154 1310 200 vor.F0RTvNAT1
1354 146 1697 191 PLEMPI‘I

232 237 270 261 ut
282 224 388 262 medisi
400 222 534 260 illorum
547 221 665 257 notitia
676 219 771 267 possit
783 216 968 255 intellectus
990 232 1064 255 cer-
1117 228 1172 251 non
1184 219 1332 264 contingat
1344 217 1441 261 decipi.
1458 214 1564 261 Cujus
1574 215 1652 251 dieti
1674 214 1749 250 cum
1769 214 1865 250 variae
1884 211 1945 252 sint
1974 234 1978 251 ι

1119 267 1286 300 variorum
1307 263 1523 314 expositiones
1554 277 1620 299 non
1641 263 1713 300 satis
1745 275 1844 306 cata),
1863 263 1944 300 mihi
1976 282 1979 294 s

1121 325 1197 357 curn
1219 315 1336 350 Ruvio
1365 312 1448 348 illud
1481 311 1586 361 placet
1628 315 1947 365 interpretamentum.
1978 327 1980 333 ·

1122 360 1225 397 modo
1238 360 1686 409 allegatum3circa,inquam,
1707 358 1849 396 sensibile
1868 370 1947 406 pro-²
1976 357 1983 387 ’-

1122 410 1233 456 prium
1246 423 1312 444 non
1324 411 1513 457 contingere
1523 421 1578 457 per
1592 409 1620 444 se
1642 408 1710 443 deci
1737 411 1758 443 i.
1773 407 1876 453 Cujus
1896 418 1945 444 ta-

1124 456 1164 492 lis
1179 457 1283 504 potest
1294 458 1384 493 reddi
1397 460 1479 492 ratio
1495 472 1503 492 t
1519 455 1614 492 Visus
1638 469 1690 505 per
1716 470 1732 491 e
1753 456 1858 504 primo
1893 468 1946 492 re·

1122 503 1212 552 spicit
1226 506 1407 554 adaequatas
1419 507 1558 540 rationes
1570 504 1649 541 lucis
1672 510 1703 540 ἅ·
1725 503 1946 548 coloris,tam-

1151 566 1224 589 uam
1237 557 1366 602 proptia
1387 560 1419 589 &
1443 553 1610 603 adaequata
1631 552 1806 598 obiectast
1827 551 1945 600 quibus

1125 566 1260 649 Ppeciem
1286 605 1420 650 accipit;
1438 602 1517 650 ergo
1540 601 1658 637 habent
1679 602 1746 637 haec
1768 599 1945 639 naturalem

1126 661 1223 697 atque
1235 648 1435 686 intrinsecam
1446 652 1695 699 proportionem
1707 662 1780 684 cum
1808 647 1877 684 visu
1887 675 1898 693 ,
1910 655 1943 685 &

1126 696 1262 733 vicissim
1276 694 1358 734 visus
1371 701 1510 734 cumeis.
1526 706 1638 747 Qre
1657 710 1698 733 ex
1713 696 1773 732 hirc
1793 707 1880 746 parte
1891 710 1942 733 re·-

1127 757 1247 793 pugnat
1257 745 1414 782 visionem
1425 746 1560 783 deficere
1572 749 1589 783 ὲ
1601 744 1795 795 perfectione
1818 744 1874 780 sibi
1885 745 1946 782 dea

1128 797 1207 830 bita:
1220 794 1273 830 sed
1294 795 1442 843 deceptio
1453 794 1517 832 siue
1525 808 1615 831 error
1624 794 1668 830 est
1678 792 1878 841 imperfectio
1891 797 1943 831 vi·-

1126 840 1220 877 sionis
1232 858 1243 884 3
1264 844 1343 891 ergo
1363 855 1518 892 repugnat
1549 843 1630 879 hanc
1649 856 1689 878 ex
1710 853 1800 891 parte
1822 842 1943 892 proprij
1987 857 1990 879 ε

1983 507 1990 558 1

1983 566 1990 603 ,ε

1982 609 1990 688 i

1982 714 1990 804 «ἶ

1125 888 1277 929 sensibilis
1287 895 1469 939 provenire.
1483 896 1543 926 Per
1551 892 1695 927 accidens
1704 902 1858 938 tamenea
1883 891 1943 928 de-
1988 891 1990 926 ζ

1125 942 1232 988 ceptio
1242 942 1428 987 contingere
1437 940 1553 988 potest,
1562 939 1675 989 nempe
1695 937 1823 975 defectu
1842 937 1944 977 alicu·-
1987 962 1990 967 ·

1126 998 1176 1032 Jus
1187 988 1385 1023 conditionis
1406 990 1446 1024 ad
1467 987 1550 1024 reete
1572 987 1797 1036 inculpateque
1817 986 1942 1024 obeun-

1126 1034 1204 1071 dam
1213 1035 1371 1072 visionem
1384 1036 1614 1086 requisitaezut
1636 1036 1747 1076 medio
1777 1035 1941 1081 colorato,

1128 1082 1181 1118 vel
1193 1097 1318 1133 organo
1330 1084 1412 1119 male
1424 1085 1566 1129 valente,
1587 1083 1640 1120 vel
1661 1084 1791 1130 objecto
1809 1083 1943 1121 distante

1127 1133 1231 1168 nimio
1241 1132 1326 1181 plus,
1347 1132 1624 1182 quemadmodum
1645 1137 1709 1181 jam
1730 1131 1818 1181 supra
1832 1145 1941 1168 exem·
1988 1154 1990 1163 ι

1126 1178 1188 1229 plis
1211 1180 1456 1218 declaravimus-

1178 1229 1284 1265 Porro
1295 1231 1378 1264 circa
1390 1231 1576 1266 communia
1586 1224 1742 1266 sensibilia
1762 1241 1817 1277 per
1838 1228 1868 1265 se
1879 1243 1940 1280 po*
1988 1251 1990 1257 ι

1127 1276 1186 1311 test
1196 1290 1299 1313 errare
1310 1276 1408 1314 visus.
1424 1278 1606 1314 Enimvero
1629 1275 1771 1314 sensibile
1792 1290 1950 1318 commu-.

1127 1336 1167 1359 ne
1180 1338 1247 1360 non
1267 1328 1404 1374 pertinet
1426 1339 1481 1374 per
1500 1325 1530 1362 se
1557 1327 1664 1375 primo
1685 1326 1725 1362 ad
1746 1323 1850 1361 visum
1863 1339 1940 1371 ,nec
1958 1340 1961 1344 ·

1126 1383 1279 1409 convenit
1290 1376 1318 1409 ei
1328 1377 1412 1410 ratio
1435 1374 1596 1420 objeetiva
1615 1373 1719 1420 visus,
1739 1373 1796 1409 nisi
1816 1377 1943 1411 ratione

1125 1420 1247 1470 proprij
1259 1447 1270 1467 ,
1280 1433 1435 1472 quatenus
1446 1422 1598 1459 videlicet
1609 1424 1726 1459 modus
1735 1424 1801 1468 ejus
1822 1423 1943 1459 cibun-⁶
1988 1426 1990 1441 ³

1125 1468 1167 1503 de
1178 1482 1282 1518 oeque
1293 1471 1333 1505 ab
1342 1484 1383 1506 eo
1394 1469 1528 1519 speciem
1537 1469 1701 1519 sigillatim
1709 1470 1804 1506 sumit
1814 1471 1942 1517 oculus,-

1127 1528 1185 1552 nec
1197 1517 1294 1553 habet
1304 1517 1496 1555 essentialem
1508 1533 1582 1554 cum
1605 1518 1672 1567 ipso
1692 1522 1943 1568 proportionem

1126 1562 1180 1599 seu
1189 1578 1325 1602 nexum.
1337 1573 1547 1617 Qipropter
1556 1567 1744 1603 creberrime
1756 1566 1824 1603 sane
1843 1566 1894 1613 fit,
1906 1579 1944 1604 ut

1127 1614 1212 1649 circa
1220 1613 1362 1650 sensibile
1372 1629 1544 1652 commune
1553 1614 1638 1651 visus
1649 1614 1946 1653 hallucinetur.cui

1129 1665 1162 1696 &
1174 1661 1240 1698 hoc
1250 1663 1481 1713 accedit‚qu?>d
1499 1662 1609 1700 minus
1624 1675 1754 1700 moveat
1764 1663 1949 1714 afficiatque

1129 1708 1233 1746 visum
1243 1738 1255 1757 ,
1265 1713 1365 1761 quam
1387 1714 1557 1762 proprium
1565 1710 1722 1749 sensibile,
1735 1719 1849 1764 Qare
1871 1711 1946 1750 sub-

1127 1757 1268 1795 til-imme
1282 1760 1369 1796 diaa
1379 1761 1422 1797 est
1441 1775 1477 1797 ea
1499 1760 1600 1806 causa,-
1622 1772 1682 1797 cur
1698 1760 1818 1798 faenum
1837 1761 1880 1798 sit·
1885 1784 1898 1806 ,
1908 1772 1948 1799 ut

1129 1811 1315 1845 communia
1325 1808 1445 1846 sensilia
1463 1807 1610 1859 pluribus
1633 1808 1781 1854 sensibus,
1793 1824 1859 1846 non
1879 1823 1949 1847 uno

1131 1867 1166 1891 ut
1176 1859 1317 1906 propria,
1328 1855 1539 1900 sentirentur-3
1559 1860 1714 1906 quoniam
1734 1857 1852 1894 scilicet
1871 1857 1947 1896 cum

1130 1902 1247 1941 leviter
1257 1918 1411 1942 moveant
1424 1933 1435 1952 ,
1448 1905 1548 1944 facilis
1558 1908 1668 1942 eratin
1682 1905 1747 1941 illis
1756 1919 1858 1942 error:
1870 1907 1948 1943 idco

1129 1952 1296 2002 provisum
1305 1980 1317 1999 ‚
1327 1964 1376 1999 ut,
1389 1954 1413 1991 si
1427 1968 1507 1991 unus
1517 1953 1618 1990 sensus
1629 1967 1695 1989 non
1704 1952 1776 1990 satis
1796 1964 1950 1990 movere-

1131 2012 1196 2046 tur,
1218 2013 1274 2038 aut
1295 2015 1414 2039 erraret
1424 2029 1436 2049 ,
1447 2003 1528 2039 alius
1551 2002 1665 2040 adesset
1675 2028 1687 2047 ,
1707 2004 1764 2052 qui
1787 2001 1950 2040 defectum

1130 2049 1348 2099 compensaret
1358 2052 1564 2100 corrigendo.

1179 2101 1333 2148 Denique
1343 2103 1493 2136 omnium
1517 2097 1670 2136 facillime
1692 2100 1776 2134 circa
1795 2095 1951 2135 sensibilia

1130 2158 1187 2193 per
1195 2147 1341 2183 accidens
1349 2149 1508 2198 decipitur
1518 2145 1615 2184 visus.
1649 2145 1803 2182 Sensibile
1812 2160 1952 2197 namque

1131 2206 1188 2241 per
1198 2194 1344 2231 accidens
1356 2209 1423 2231 non
1435 2207 1549 2232 movet
1563 2193 1669 2230 visum
1681 2208 1692 2235 ;
1702 2193 1754 2229 sed
1762 2193 1868 2229 solum
1877 2208 1953 2244 per-

1132 2243 1265 2289 cipitur,
1283 2245 1359 2290 quia
1371 2242 1548 2279 visibilium
1569 2255 1625 2290 per
1643 2240 1674 2276 se
1696 2240 1874 2287 subjeetum
1893 2243 1952 2279 est:

1132 2301 1200 2324 non
1210 2291 1289 2338 ergo
1308 2292 1440 2335 mirum,
1456 2289 1477 2326 si
1488 2288 1693 2340 frequentius
1702 2291 1785 2325 circa
1804 2289 1891 2328 illud
1901 2304 1954 2328 er-

1133 2349 1200 2373 rare
1211 2341 1378 2386 contingat
1400 2339 1516 2374 visum.

1142 2389 1145 2392 “
1179 2391 1336 2434 Qrunt
1344 2387 1398 2422 hic
1409 2386 1699 2434 φιλοσοφότεςοςειῃ,
1709 2383 1789 2421 dum
1807 2384 1891 2422 visus
1903 2396 1954 2423 er*-

1133 2443 1182 2469 rat
1196 2459 1208 2479 ,
1221 2446 1372 2482 operetur
1382 2447 1437 2483 per
1445 2432 1585 2483 speciem·
1591 2437 1660 2470 veri
1681 2432 1844 2478 sensibilis,
1869 2446 1954 2472 tam-

1134 2494 1234 2530 quam
1245 2482 1267 2517 si
1278 2497 1344 2519 non
1354 2494 1473 2518 erraret
1486 2508 1497 2526 ,
1516 2497 1555 2518 an
1566 2496 1622 2532 per
1631 2482 1728 2518 aliam
1747 2482 1882 2519 diversae
1901 2497 1953 2520 ra-

1133 2532 1246 2566 tionis:
1259 2545 1292 2567 v.
1316 2544 1351 2580 g.
1374 2545 1414 2567 an
1435 2529 1520 2566 visus
1537 2530 1732 2580 cognoscens
1751 2543 1954 2579 apparentem

1134 2579 1225 2614 iridis
1237 2578 1383 2615 colorem
1395 2584 1412 2623 (
1448 2579 1565 2614 uivere
1578 2580 1687 2615 lumen
1699 2578 1754 2622 est,
1774 2583 1804 2614 &
1816 2592 1883 2614 non
1895 2593 1958 2616 co«

1134 2625 1212 2669 lor)
1223 2626 1393 2676 cognoscat
1403 2625 1428 2662 il
1443 2640 1562 2675 umper
1571 2627 1704 2677 speciem
1730 2628 1799 2662 veri
1819 2625 1956 2673 colorisf

1136 2688 1177 2711 an
1187 2675 1267 2711 vero
1279 2689 1335 2724 per
1345 2674 1587 2725 speciemlucis}
1606 2677 1672 2712 Cui
1711 2672 1820 2711 uaesito
1847 2674 1950 2713 fiden-

1136 2734 1185 2759 ter
1194 2722 1433 2771 respondemus,
1445 2736 1500 2772 per
1510 2726 1580 2760 veri
1588 2722 1699 2760 sensibi
1712 2724 1738 2758 is
1750 2721 1883 2772 speciem
1898 2727 1953 2760 via

1135 2769 1204 2807 sum
1216 2772 1250 2807 id
1275 2774 1448 2821 percipere,
1470 2782 1610 2808 attamen
1630 2785 1702 2820 quae
1722 2769 1838 2819 species
1862 2771 1957 2809 aliter-¹

1136 2819 1200 2866 jam
1211 2818 1249 2855 sit
1259 2819 1368 2856 affeeia
1382 2835 1391 2857 ε
1402 2820 1469 2867 ejus
1479 2823 1565 2855 enim
1576 2818 1852 2856 affestionisvcausa
1871 2823 1953 2858 acci-

1137 2867 1186 2903 dit
1196 2868 1357 2917 deceptio.
1369 2867 1510 2917 Explico
1519 2881 1572 2903 me
1588 2866 1753 2916 exemplo:
1774 2867 1854 2904 dum
1877 2878 1952 2906 οτα-

1138 2917 1190 2951 nia
1199 2927 1348 2964 apparent
1358 2917 1474 2953 viridia
1484 2929 1540 2964 per
1550 2918 1674 2952 vitrum
1692 2914 1797 2951 viride
1821 2915 1954 2966 adspici·

1138 2966 1218 3008 enti,
1225 2977 1291 2999 non
1302 2965 1393 3001 videt
1402 2976 1439 2999 ea
1447 2976 1502 3012 per
1512 2962 1647 3012 speciem
1659 2965 1754 2998 vitrei
1766 2964 1952 3012 viroris,sed

1138 3024 1195 3074 per
1204 3011 1339 3060 speciem
1349 3011 1468 3048 coloris
1479 3011 1611 3059 objecti,
1630 3010 1721 3061 quod
1743 3013 1905 3059 intuetur,
1917 3015 1951 3050 &

1137 3075 1156 3098 a
1169 3074 1235 3111 quo
1246 3058 1381 3109 speciem
1399 3061 1531 3111 recipit:-
1537 3071 1668 3110 propter
1678 3057 1951 3110 interpositionem

1848 3119 1955 3147 tamen-
