1990 3386
253 184 279 218 4
500 166 1585 211 'VORFORTVNATIPLEMPII

256 237 330 271 Hos
362 234 442 272 dum
473 236 547 273 cilia
577 247 773 286 nuncupant.
811 236 1066 272 Neotericorum

259 287 534 320 Anatomicorum
557 288 731 334 primates,
756 284 977 320 Theodorum
999 287 1070 320 Ga-

259 343 332 367 zam
354 332 470 368 ducem
492 336 603 368 avium
625 333 820 381 sequuntur,
844 344 956 368 contra
980 343 1071 366 vete-

262 393 336 414 rum
349 383 542 416 Latinorum
555 382 780 416 auctoritatem
790 395 909 417 nomen
922 381 954 416 id
966 379 1071 414 ambi-

257 427 339 463 tiosc·
350 427 562 476 usurpantem.

313 475 476 524 palpebris
498 479 541 512 ita
574 476 739 512 fabricatis
769 488 878 513 motus
899 479 1068 514 necessario

261 522 440 559 debebatur
463 524 509 560 ob
532 524 649 561 multas
671 526 852 561 utilitates:
879 533 909 562 &
934 529 1068 577 quidem

260 575 387 607 moveri
402 571 481 620 ipsas
493 573 631 622 quilibet
643 575 744 610 videt.
766 574 894 609 Multos
904 576 1004 622 porro
1015 575 1068 610 sua

258 622 449 656 auctoritate
467 620 593 658 seduxit
614 622 771 666 Galenus,
779 625 974 659 contendens·
984 623 1068 659 infe-

255 668 376 704 riorcm
386 668 570 717 palpebram
582 684 646 706 non
656 669 763 706 solum
783 683 849 705 non
861 675 1001 716 moveri,
1014 672 1066 708 sed

256 721 289 749 δε
303 719 640 764 magiaincommoda
662 721 838 766 parituram
859 718 931 764 effe,
960 719 981 755 fi
993 734 1066 755 mo—

257 776 399 800 veretur:
421 770 477 815 qui
501 765 523 802 fi
543 765 783 814 palpebrassuas
804 768 908 814 ample
920 767 1067 804 diduxis—

255 810 334 856 sent,
356 814 522 863 aciemque
541 815 754 861 intendiss'ent‚
777 814 938 851 inferioris
957 817 1066 865 palpe-

258 858 323 894 brae
343 864 527 898 motionem
545 866 706 898 minorem
729 865 874 913 quidem,
897 867 995 914 quam
1014 866 1065 901 su—

255 910 403 955 perioriS,
413 922 553 946 attamen
576 910 772 947 manifestam
795 912 965 960 conspicati
987 913 1066 949 fuis-

255 955 333 992 sent.
360 960 543 995 Enimvero
565 959 586 994 fi
599 963 822 1008 integumenta
835 961 902 995 haec
914 963 1063 1000 officium

255 1003 347 1040 suum
358 1005 514 1056 usumque
537 1008 641 1043 oculis
661 1009 806 1057 praestare
815 1009 987 1055 debebant,
1007 1026 1063 1047 ne—

254 1052 330 1088 cesse
351 1067 418 1090 crat
442 1062 473 1090 δι
496 1054 636 1104 superius
659 1064 690 1092 δι
712 1055 846 1093 inferius
866 1069 983 1094 mutuo
1006 1074 1064 1095 oc-

254 1099 348 1138 cursu
378 1105 489 1148 coire,
510 1116 546 1139 ut
575 1107 619 1140 ita
653 1105 761 1141 utrius
778 1120 817 1140 ue
841 1119 903 1154 ope
927 1106 1064 1143 celerior

257 1149 349 1185 ficret
359 1153 506 1187 nictatio.
525 1152 633 1188 Sensui
646 1157 748 1202 igitur
785 1155 913 1190 diffimo
925 1155 995 1190 testi
1010 1171 1063 1191 ac—

255 1199 432 1244 credentes,
444 1200 552 1236 ambas
565 1201 731 1250 palpebras
754 1201 894 1238 mobiles
904 1204 962 1238 effe
983 1217 1064 1240 con-

256 1246 373 1282 stanter
384 1249 602 1285 asseveramus.

300 1294 415 1345 Qlis
447 1308 556 1332 autem
589 1297 642 1332 hic
678 1308 788 1332 motus
809 1297 868 1343 fit,
891 1299 1062 1337 discertant

253 1343 472 1391 philosophice
494 1350 525 1381 &
547 1346 722 1381 Medicinae
743 1349 911 1394 principes.
934 1349 1064 1385 Aristo-

253 1391 332 1427 teles
341 1405 418 1428 eum
440 1407 506 1428 non
528 1391 690 1438 consulto,
723 1391 776 1429 sed
799 1395 947 1431 instinCtu
967 1409 1062 1433 natu-

251 1453 295 1475 rae
322 1442 372 1488 agi
394 1440 581 1488 simpliciter
602 1442 752 1477 affirmat.
774 1456 872 1491 quam
909 1443 1062 1481 sententi-

250 1502 304 1525 am
315 1487 459 1525 Galenus
480 1491 532 1526 libi
565 1500 617 1526 ιο.
640 1493 671 1525 de
694 1490 762 1535 offic.
774 1501 852 1536 part.
866 1504 926 1539 cap.
944 1505 974 1534 9.
990 1505 1062 1529 tan-

251 1547 289 1571 to
327 1536 498 1573 molimine
539 1537 699 1588 tantisque
737 1540 889 1587 operibus
925 1542 1059 1589 disjicit,

251 1595 288 1619 ut
318 1584 415 1620 nullis
448 1598 545 1635 queat
579 1589 736 1623 machinis
754 1588 930 1626 instaurari.
957 1594 1062 1639 Qod

250 1636 339 1669 enim
352 1633 510 1669 Casserius
532 1633 735 1670 Placentinus
757 1635 822 1682 jam
843 1639 968 1685 pridem
990 1651 1062 1676 ten-

249 1684 334 1717 tavit
344 1696 406 1730 pro
416 1681 604 1728 Aristotele,
625 1683 851 1720 ridicularium
874 1686 930 1722 est:
945 1694 1062 1724 Perna-

248 1738 374 1766 tuvatem
394 1742 513 1776 motum,
534 1734 663 1782 inquit,
687 1745 743 1767 non
761 1736 896 1780 intelligit
917 1747 993 1781 eum,
1013 1742 1063 1783 qui

247 1783 410 1815 voluntario
427 1781 596 1827 adversatur
610 1796 620 1823 ;
633 1781 684 1828 sed
704 1793 778 1826 eum,
801 1785 850 1827 qui
870 1786 992 1820 violento
1012 1797 1062 1833 op—

246 1832 375 1873 ponitur.
400 1827 622 1877 Aphilosophi
642 1829 751 1877 judicij
772 1831 872 1867 verba
884 1830 966 1870 sunt.
981 1838 1062 1871 Ari-

252 1875 382 1912 stoteles
426 1884 505 1913 bene
533 1877 677 1926 expresse
721 1878 845 1927 arbitrij
876 1879 1061 1921 libertatem

249 1922 398 1969 secludit,
420 1938 476 1974 per
497 1925 586 1971 hoc,
606 1939 661 1962 non
680 1926 819 1975 consulta:
847 1940 919 1965 tum
940 1929 1063 1980 subdit,

244 1972 297 2020 sed
317 1977 501 2010 naturaliter.
523 1973 579 2009 ubi
598 1976 755 2022 particula
774 1976 975 2015 adversativa
1001 1993 1063 2029 po-

251 2022 363 2057 sterius
394 2023 533 2071 opponit
562 2026 676 2070 priori.
715 2024 772 2060 Ad
790 2028 1061 2070 Grammaticam!

250 2070 368 2106 Laudo
389 2081 497 2106 tamen
516 2069 685 2107 hominem
712 2072 992 2121 studiosissimum,
1015 2079 1062 2115 ob

251 2118 333 2154 bene
357 2117 504 2154 affectum
525 2132 670 2155 animum
690 2123 724 2155 in
745 2121 896 2157 divinum
917 2125 1062 2162 nostrum

251 2177 494 2216 praeceptorem.
528 2170 576 2202 At
607 2167 715 2204 hercle
754 2180 790 2204 ut
820 2183 993 2218 purgemus
1010 2173 1057 2208 al-

250 2228 382 2259 terum,
414 2229 454 2250 ne
484 2214 540 2264 ipsi
570 2229 631 2251 nos
652 2216 894 2255 collutulemus.
919 2223 1059 2257 Certum

250 2264 308 2308 est,
329 2262 542 2299 Aristotelem
574 2267 727 2312 exiguam
756 2264 976 2302 musculorum
998 2283 1062 2304 no-

250 2315 358 2348 titiam
378 2311 531 2348 habuisse:
553 2313 638 2348 unde
657 2313 781 2350 causam
802 2313 873 2361 ejus
896 2327 989 2362 agere
1008 2329 1061 2353 re-

251 2361 339 2397 cuso.
354 2363 387 2395 Si
408 2370 517 2396 tamen
538 2360 682 2410 aliquam
703 2362 801 2398 habet
822 2366 890 2398 veri
910 2364 1059 2411 speciem,

250 2412 377 2444 ratione
398 2409 487 2454 cujus
512 2408 570 2458 ipsi
588 2411 859 2457 patrocinandum
880 2414 965 2456 esset,
988 2427 1060 2449 earn

249 2456 401 2506 patefecit
431 2457 601 2494 Montalto
630 2459 680 2494 tib.
716 2472 745 2505 3.
777 2468 874 2505 Opttc.
906 2471 967 2505 cap.
1006 2473 1060 2498 10.

252 2516 313 2541 art.
327 2519 357 2541 2.
386 2508 510 2541 cutiens
529 2506 741 2544 Aristotelem
764 2510 976 2544 niet-ationem
987 2523 1062 2545 mo-

250 2565 323 2590 tum
346 2552 525 2590 naturalem
544 2555 655 2591 dixisse
668 2581 678 2600 ‚
703 2571 771 2592 non
792 2557 884 2606 quod
906 2556 1062 2593 volunta-

249 2606 317 2639 rius
325 2614 392 2636 non
404 2600 454 2645 fit,
470 2600 523 2637 sed
543 2603 636 2652 quod
655 2607 735 2640 citra
754 2604 877 2652 consilii
901 2605 1062 2641 delibera-

253 2655 379 2688 tionem
412 2659 525 2697 agatur
556 2662 677 2687 naturae
714 2653 877 2689 instinctu:
903 2654 1063 2703 quemad-

255 2699 393 2736 modum
427 2710 535 2733 recens
565 2701 632 2733 nati
669 2700 761 2737 hoedi
783 2707 815 2737 &
837 2700 988 2737 infantuli
1010 2702 1059 2738 lac

250 2748 379 2797 sugunt,
398 2745 494 2793 pedes
511 2758 647 2782 movent
667 2750 685 2783 a
705 2761 817 2784 natura
840 2751 947 2786 edoffi
960 2777 971 2795 ,
996 2764 1063 2786 non

251 2798 388 2833 arbitrio
398 2792 535 2841 impulsi.
548 2794 760 2832 Considerate
774 2799 854 2833 vero
868 2799 954 2834 filius
966 2799 1068 2836 Rho÷

251 2848 279 2881 is
300 2844 436 2880 celebris
471 2842 658 2879 Aristotelis
679 2857 937 2891 commentator,
955 2846 1065 2896 palpe-

253 2893 383 2929 brarum
414 2901 544 2926 motum
575 2894 746 2941 ancipitem
767 2894 876 2929 statuit
895 2921 906 2938 ‚
929 2908 1065 2944 compo-

253 2941 390 2978 fitumve
413 2951 455 2974 ex
489 2938 626 2974 naturali
650 2946 682 2976 &
714 2941 904 2978 voluntario
919 2968 930 2986 ‚
954 2946 1001 2978 uti
1024 2945 1066 2979 de

252 2999 533 3027 excrementorum
564 2989 727 3037 egestione
756 2989 822 3027 fere
851 2991 936 3039 apud
959 2992 1065 3028 medi—

1115 245 1170 268 cos
1180 232 1323 270 sentitur.
1359 237 1435 281 Ego
1456 234 1626 277 certatim,
1649 245 1776 268 motum
1808 231 1930 270 volun:

1119 283 1238 317 tarium
1259 282 1328 318 esse.
1353 282 1422 317 Etfi
1444 283 1531 317 enim
1552 293 1665 328 praeter
1680 282 1855 332 contraque
1866 295 1929 318 vo-

1121 328 1278 366 luntatem
1310 330 1467 379 plerisque
1492 329 1681 365 hominibus
1714 329 1930 380 frequentissi-

1121 379 1173 413 me
1193 380 1312 413 nictare
1334 382 1513 425 contingat,
1538 378 1652 413 crebro
1676 390 1781 414 tamen
1802 380 1870 415 nisu
1893 386 1926 416 ὃ(

1120 429 1357 462 exercitatione
1393 430 1523 474 poliunt
1545 426 1681 475 assequi,
1713 438 1747 461 ut
1768 441 1806 462 ne
1824 429 1857 465 id
1878 426 1927 463 fa-

1120 477 1216 510 ciant.
1245 474 1410 522 Exemplo
1444 474 1515 510 sunt
1533 474 1602 509 duo
1625 474 1646 521 ij
1668 474 1863 523 gladiatores
1891 481 1925 515 in

1122 523 1196 568 Caii
1230 525 1385 571 Principis
1417 523 1516 568 ludo,
1550 525 1606 571 qui
1631 536 1743 558 contra
1785 529 1927 569 commi-

1120 573 1284 607 nationem
1306 571 1448 622 aliquam
1470 585 1536 607 non
1561 572 1790 608 connivebam:
1812 587 1926 611 exem-

1118 617 1174 665 plo
1183 619 1227 654 est
1248 624 1406 664 Socrates,
1425 621 1466 656 de
1488 634 1555 669 quo
1575 619 1705 656 Gellius
1730 622 1780 656 lib.
1793 636 1824 657 2.
1837 627 1922 660 Noa.

1121 679 1148 702 1.
1164 668 1227 703 Sed
1239 666 1398 704 musculos
1410 669 1622 704 denuda-mum
1849 687 1852 689 ·

1168 719 1249 751 Duo
1274 718 1369 752 nobis
1387 716 1447 753 sese
1470 717 1621 759 offerunt,
1644 717 1746 751 renus
1769 731 1925 763 umigat-

1117 776 1180 811 que
1208 764 1288 799 alter
1318 765 1520 801 orbicularis.
1549 766 1672 801 Rectus
1702 763 1923 812 longiusculus

1115 812 1170 856 est,
1194 825 1304 848 ortum
1327 814 1446 849 ducens
1468 816 1549 848 intra
1574 822 1691 847 cavum
1712 812 1800 848 oculi
1822 816 1924 852 reces-

1114 858 1204 905 sum,
1226 873 1359 909 propter
1389 860 1544 911 supraque
1575 860 1756 896 musculum
1785 863 1921 903 oculum

1115 908 1332 954 attollentem,
1354 913 1403 945 cui
1428 913 1526 945 etiam
1546 908 1601 958 ipsi
1623 912 1656 944 in
1678 908 1831 947 structura
1853 926 1923 950 non

1113 956 1158 991 est
1178 957 1342 993 absimilis.
1364 957 1490 994 Definit
1511 958 1619 993 latiori
1642 957 1773 994 tendine
1794 962 1826 995 in
1852 961 1923 1008 pal-

1114 1005 1218 1050 pebrae
1242 1007 1448 1054 crepidinem.⁴
1484 1005 1650 1042 Musculus
1681 1005 1734 1040 hic
1765 1009 1859 1044 rectis
1881 1009 1924 1046 fi-

1116 1055 1179 1087 bris
1200 1054 1339 1089 donatus
1363 1055 1407 1090 est
1439 1056 1598 1090 internam
1619 1052 1789 1101 superioris
1810 1057 1923 1106 palpe-

1115 1099 1179 1136 brae
1211 1101 1410 1150 superficiem
1441 1102 1720 1150 percurrentibUS,
1744 1117 1823 1152 quas
1841 1107 1923 1143 dum

1113 1150 1289 1195 contrahit,
1309 1151 1472 1187 attollitur
1495 1150 1666 1199 palpebra,
1688 1162 1785 1199 atque
1806 1153 1923 1191 oculus

1113 1198 1264 1235 nudatur.
1304 1200 1411 1245 Hujus
1445 1202 1594 1235 inventio
1626 1197 1770 1247 Iallopio
1801 1201 1920 1238 adscri-

1114 1243 1214 1282 bitur:
1237 1250 1293 1297 qui
1311 1259 1419 1284 tamen
1441 1248 1607 1284 Galerium
1632 1261 1699 1282 non
1717 1251 1855 1286 omnino
1874 1250 1925 1287 la-

1113 1295 1203 1330 tuisse
1237 1297 1341 1332 videri
1375 1297 1471 1345 possit
1500 1297 1564 1344 jam
1585 1298 1673 1331 annis
1702 1299 1924 1345 experientijs-

1113 1341 1176 1389 que
1198 1356 1333 1391 gravem
1347 1370 1357 1389 ‚
1377 1346 1579 1393 digerentem
1609 1348 1860 1381 commentarios
1880 1349 1923 1385 de

1112 1388 1193 1426 locis
1216 1393 1299 1428 male
1322 1393 1451 1429 affectis.
1478 1390 1681 1431 Orbicularis
1703 1391 1864 1430 musculus
1873 1408 1924 1432 te-

1111 1441 1267 1476 nuiffimae
1286 1444 1352 1476 cuti
1371 1440 1591 1485 substernitur,
1612 1439 1779 1489 ambitque
1799 1453 1924 1480 utram->

1113 1499 1176 1534 que
1197 1489 1395 1538 palpebram.
1419 1494 1538 1528 Oritur
1557 1491 1575 1525 a
1602 1488 1720 1534 majori
1739 1488 1860 1540 hii-quo
1880 1494 1923 1530 ad

1112 1534 1244 1582 nasum,
1266 1537 1538 1588 progrediensque
1567 1551 1623 1586 per
1652 1536 1837 1586 palpebram
1870 1543 1923 1576 in-

1111 1581 1265 1620 feriorem
1288 1587 1328 1622 ad
1354 1586 1513 1636 hirquum
1535 1599 1708 1630 minorem,
1730 1589 1845 1634 repetit
1869 1589 1923 1625 su-

1110 1635 1274 1679 periorem
1295 1634 1491 1683 palpebram,
1516 1648 1551 1670 ac
1570 1636 1762 1670 terminatur
1785 1635 1923 1674 ubicoe-

1109 1682 1172 1727 pit:
1195 1681 1277 1718 adeo
1303 1696 1338 1718 ut
1360 1683 1551 1719 circularem
1580 1682 1719 1731 figuram
1748 1687 1922 1733 exprimat,

1111 1727 1203 1764 fibris
1224 1730 1292 1777 ejus
1321 1731 1530 1767 circularibus
1560 1732 1773 1781 undiquaque
1813 1738 1924 1770 conti-

1111 1779 1205 1814 nuis:
1242 1779 1520 1830 diligentiffimam
1551 1782 1640 1817 enim·
1663 1782 1765 1815 iniens
1788 1779 1923 1830 sagacis-

1111 1825 1287 1877 simamque
1329 1827 1591 1866 observationem
1610 1854 1623 1873 ‚
1663 1827 1788 1864 nullam
1824 1834 1922 1879 potui

1111 1877 1369 1913 animadvertere
1388 1877 1594 1913 divisionem.
1630 1877 1735 1924 Qd
1770 1883 1925 1927 quamvis·

1111 1925 1156 1959 ita
1165 1923 1214 1969 fit,
1225 1928 1312 1961 ratio
1326 1938 1434 1962 tamen
1455 1927 1634 1970 convincit,
1657 1927 1826 1973 geminum
1835 1926 1924 1965 hunc

1110 1972 1168 2009 esse
1186 1973 1342 2011 lacertum
1360 2001 1372 2021 ,
1409 1976 1528 2024 cuique
1547 1973 1705 2058 paipebrae
1736 1978 1922 2023 proprium:

1111 2034 1250 2058 nervum
1270 2026 1358 2059 enim
1378 2026 1499 2072 excipit
1529 2025 1585 2072 qui
1602 2036 1664 2071 que
1697 2033 1770 2058 tum
1802 2024 1920 2061 diver-

1110 2067 1192 2115 sum,
1204 2082 1275 2107 tum
1287 2071 1420 2108 diversis
1430 2072 1446 2107 ὲ
1458 2072 1539 2107 locis
1561 2072 1801 2108 adventantem.
1827 2078 1923 2123 Q-

1110 2130 1244 2166 propter
1263 2120 1356 2155 facile
1382 2120 1464 2156 mihi
1488 2122 1596 2168 patior
1614 2118 1806 2167 persuaderi,
1827 2124 1921 2171 quod

1111 2167 1275 2202 noviffimi
1299 2169 1434 2216 quidam
1452 2171 1516 2203 viri
1539 2167 1770 2216 prodidere,in
1782 2170 1921 2206 convul-

1111 2211 1197 2248 fione
1220 2219 1333 2250 canina
1352 2216 1531 2265 aliquando
1553 2215 1711 2250 infernam
1734 2215 1921 2265 palpebram

1109 2261 1316 2299 immobilem
1343 2263 1491 2312 riguisse,
1513 2262 1645 2311 superna
1666 2262 1796 2308 mobili,
1820 2267 1864 2301 ita
1884 2279 1922 2303 ut

1110 2309 1224 2344 oculus
1254 2311 1454 2347 dimidiatim
1488 2310 1595 2347 solum
1631 2313 1774 2360 potuerit
1807 2326 1922 2350 conte-

1109 2359 1155 2405 gi.
1189 2362 1305 2408 Itaque
1335 2372 1422 2406 tres,
1456 2359 1479 2395 si
1508 2361 1697 2396 examuffim
1717 2359 1922 2410 loquendum

1110 2406 1164 2450 est,
1190 2407 1415 2456 palpebrarum
1433 2407 1504 2444 sunt
1528 2407 1675 2450 musculi;
1696 2408 1765 2443 duo
1787 2408 1920 2458 superae‚

1111 2467 1193 2489 unus
1226 2455 1335 2492 inferae
1373 2457 1531 2492 concessus
1558 2456 1656 2505 ipsam
1675 2454 1796 2492 sursum
1816 2459 1922 2495 addu-

1110 2515 1221 2548 cens,
1245 2506 1313 2554 quo
1346 2505 1463 2541 melius
1495 2503 1694 2554 strietiusque
1726 2504 1840 2541 oculus
1856 2508 1922 2543 ob-

1110 2550 1248 2589 veletur.
1281 2558 1328 2590 At
1362 2554 1464 2598 vero,
1486 2557 1635 2603 inquieS,
1667 2553 1747 2603 quid
1787 2555 1920 2592 tandem

1111 2599 1244 2636 inferius
1277 2602 1360 2638 illud
1391 2614 1521 2650 tegmen
1565 2604 1717 2651 deprimit
1748 2603 1782 2636 in
1829 2603 1920 2640 oculi

1110 2648 1307 2687 detectione}
1355 2655 1420 2686 Pro
1454 2651 1548 2697 hujus
1584 2649 1767 2701 quaestionis
1802 2648 1922 2687 soluti—-

1111 2710 1174 2733 one
1196 2699 1435 2748 Aquapendens
1457 2712 1528 2735 eam
1553 2696 1920 2745 tentavitmolitionem,

1114 2757 1186 2794 quae
1209 2748 1398 2795 importuna
1421 2746 1474 2783 sua
1511 2746 1676 2796 opulentia
1696 2745 1790 2781 facile
1811 2747 1922 2784 osten-

1114 2805 1161 2829 tat
1190 2795 1346 2843 inopiam.
1385 2799 1458 2831 Nos
1496 2793 1696 2832 craffiusculo
1721 2797 1839 2830 Batavi
1867 2798 1919 2831 in—

1112 2844 1211 2891 genio
1263 2842 1490 2894 fimpliciffime
1539 2840 1723 2893 responsum
1763 2842 1920 2881 volumus

1113 2893 1177 2927 hoc
1209 2893 1317 2938 pacto:
1355 2894 1389 2928 in
1421 2894 1584 2941 apertione
1626 2890 1715 2928 oculi
1743 2890 1923 2928 orbiculari

1114 2938 1259 2976 musculo
1281 2954 1347 2977 non
1373 2952 1485 2989 agente
1505 2953 1541 2975 ac
1567 2939 1597 2976 se
1617 2940 1765 2983 laxante,
1787 2937 1922 2977 subsidit

1113 2987 1206 3038 perse
1217 2987 1351 3026 inferior
1360 2988 1511 3039 palpebra
1519 2987 1560 3024 ab
1567 2991 1674 3025 innata
1685 2986 1738 3024 sua
1745 2990 1919 3034 gravitate.v

1738 3036 1922 3084 incogitat&
