1990 3386
217 194 281 230 108

216 251 345 289 animali
358 248 580 301 requirebatur
591 246 729 296 spatium
751 244 972 294 crystallinum
983 247 1034 281 in-

215 313 265 339 ter
276 307 307 337 &
325 303 462 336 retinam
473 298 513 333 ad
523 297 693 332 radiorum
704 297 897 330 coitionem.
911 293 1034 330 Differ*

216 363 250 387 te
261 359 368 386 autem
389 347 538 396 oportuit
549 347 692 381 vitreum
703 341 858 379 densitate
869 343 888 378 ὲ
899 341 1033 389 crystal-

219 398 303 444 lino,
331 396 478 444 adeoque
490 398 521 429 &
535 393 575 429 ab
586 406 705 441 aqueo,
718 391 812 426 causa
822 390 1035 427 refrafflonis.

215 446 287 482 Nifi
297 448 382 482 enim
394 445 497 479 rarior
507 440 578 478 effet
595 439 782 489 crystallino
795 465 806 484 ‚
825 452 892 475 non
902 438 1039 487 collige-

214 506 325 531 rentur
335 492 417 539 radij
438 494 456 528 ὲ
478 487 796 539 perpendicularibus
817 485 879 523 suis
900 487 939 522 ad
962 491 1037 524 coni

214 541 383 589 cujussibet
401 553 511 576 axem.
534 537 640 586 Qd
660 535 682 572 fi
704 543 736 574 &
759 534 888 572 densior
911 538 1038 572 vitreus

215 604 322 641 aqueo
333 589 370 625 s1t
381 615 394 635 ,
414 587 482 638 quo
503 588 632 624 denlior
644 613 655 632 ‚
675 586 739 622 hoc
758 581 955 632 profundius
979 585 1040 620 de*-

213 639 361 675 scendere
370 646 524 686 poterunt
534 661 546 680 ,
567 638 622 685 qui
645 647 702 683 per
723 634 848 669 ciliares
868 634 965 667 rimas
987 636 1040 668 in-

216 689 422 736 grediuntur,
444 690 476 721 &
488 685 642 721 extremis
652 685 742 718 conis
752 694 807 730 per
818 680 1039 729 crystallinum

215 735 431 772 conformatis
443 731 760 782 appropinquabunt.
787 730 947 766 Officium
958 730 1038 777 ergo

217 786 314 820 vitrei
331 783 387 827 est,
399 784 549 829 transtrum
559 783 627 816 dare
631 781 771 828 speciebus
792 781 829 812 ad
841 780 963 812 retinam
979 803 990 822 ‚
1003 781 1039 817 &-

219 836 249 868 in
260 845 290 867 eo
302 831 424 877 tranfitu
436 833 544 879 easdem
555 831 703 877 refringere
714 828 733 862 d
752 827 1035 875 perpendicularibus.

265 885 386 916 Praeter
404 880 531 915 ἀίἃυπι
551 878 748 916 Galenicum
774 877 870 912 vitrei
883 873 974 910 usum
989 888 1040 911 re-

215 932 377 966 centiores
392 928 529 977 quidam
545 927 627 963 alios
658 925 788 974 aliquot
808 926 837 960 ei
859 922 1042 972 superacer-

217 990 297 1015 vant
317 977 389 1014 usus
408 988 506 1026 atque
526 976 647 1012 officia.
679 974 827 1010 Andreas
846 974 1041 1008 Laurentius

216 1028 279 1063 tria
288 1027 391 1063 donat
405 1041 413 1061 ι
426 1025 597 1062 Montalto
607 1021 770 1073 profusior
783 1022 928 1069 impertit
941 1022 1042 1070 quin-

243 1078 356 1113 ue.Tu
366 1072 510 1123 quisquis
521 1087 552 1109 es
563 1074 626 1119 jam
637 1084 688 1107 me
698 1074 871 1118 interprete
882 1071 952 1104 veri
960 1082 1042 1104 con-

230 1126 297 1160 cius
308 1123 422 1167 factm,
434 1122 524 1157 certo
536 1119 680 1169 agnoscis
693 1121 855 1169 quaedam,
877 1130 948 1166 quae
961 1116 1042 1153 alle-

215 1184 307 1220 gant,
317 1172 484 1222 perperam
496 1176 527 1205 δι
540 1170 656 1216 injuria
667 1171 775 1204 vitreo
786 1165 934 1210 attribui,
952 1178 1044 1214 quae-

215 1222 293 1257 dam
303 1222 384 1257 vero
396 1232 463 1255 non
473 1230 541 1255 tam
551 1218 774 1267 officia‚quam
784 1217 853 1252 veri
863 1214 931 1262 ejus
941 1213 1041 1262 officij

216 1269 276 1306 esse
284 1268 477 1306 affeetiones.

377 1363 669 1403 CAPUT
718 1361 867 1398 XVI.

217 1459 319 1510 De,
329 1462 448 1532 officio
463 1471 651 1511 nervorum
664 1455 1042 1525 opticorum.Nullum

289 1534 389 1581 aliud
410 1532 560 1591 hahent,
580 1529 683 1596 qucim
698 1530 849 1600 spiritus
873 1526 1041 1575 animales

291 1605 420 1649 tunicae
454 1606 579 1649 retinae
619 1598 810 1646 advehere·
859 1594 1042 1660 Qmodo

284 1673 434 1736 spiritua
437 1672 623 1732 patiantur
632 1670 679 1732 Je
690 1664 850 1713 concludi
872 1665 1042 1730 angustq's

285 1748 491 1786 nervorum.
505 1743 564 1785 An
586 1737 623 1783 hi
636 1744 741 1783 nervi
750 1736 830 1802 alijs
853 1734 1042 1780 molliores.

283 1804 624 1873 Aquapendens
635 1800 942 1871 refiatatm.crassi
951 1801 1043 1872 fint.

286 1882 347 1926 An
361 1874 542 1944 neceffizrib
549 1876 696 1940 pertusi.
718 1873 837 1938 Qare
859 1870 1040 1919 comunfli

277 1946 367 2013 fini.
392 1941 592 1990 Galenus
614 1945 716 2007 explo
734 1961 791 1990 us.
829 1937 1042 2006 Caesalpi.

296 2030 383 2061 nus
392 2013 609 2077 paradoxum
621 2012 742 2060 horum
753 2019 939 2060 nervorum
947 2008 1043 2074 tfitm

285 2082 458 2148 prodidit.

306 2203 394 2237 Nter
404 2196 486 2244 alia,
506 2195 625 2248 quibus
647 2191 770 2232 constat
788 2193 925 2231 videndi
937 2189 1045 2242 perfe-

307 2251 396 2294 ἂὶο,
416 2246 531 2284 sunt&
546 2248 639 2282 nervi
663 2244 704 2280 ab
733 2243 941 2280 Anatomicis
961 2242 1042 2278 dieti

306 2302 399 2345 Optici
414 2312 423 2333 z
447 2297 504 2345 qui
516 2293 574 2330 nifi
584 2293 700 2338 adsint,
714 2297 746 2328 &
760 2293 894 2342 quidem
903 2288 981 2326 salvi
993 2301 1044 2325 at·-

331 2360 371 2383 ue
380 2348 496 2393 integri
506 2370 517 2390 ,
540 2342 633 2392 plane
654 2343 789 2378 videndi
812 2341 898 2376 aetio
907 2339 1045 2386 deperit3

222 2399 371 2446 adeoque
383 2394 497 2430 frustra
512 2393 624 2428 omnia
636 2390 720 2435 sunt,
732 2404 804 2439 quae
822 2391 856 2424 in
868 2386 956 2424 ocull
967 2385 1044 2435 glo-

224 2445 270 2482 bo
290 2458 357 2482 tam
377 2441 530 2492 sagaciter
554 2453 664 2476 rerum
684 2450 798 2474 natura
827 2437 1044 2483 excogitavit,

224 2493 378 2544 tantaque
388 2505 464 2528 cum
473 2502 549 2526 cura
557 2487 726 2525 fabrefecit
742 2501 750 2522 ε
774 2487 808 2522 id
821 2487 913 2535 quod
924 2487 1044 2531 arguit,

224 2554 341 2579 munus
354 2540 489 2576 istorum
510 2549 687 2575 nervorum
706 2534 828 2583 infigne
847 2533 925 2578 effe,
946 2544 1044 2581 atque

224 2589 368 2639 apprime
378 2587 595 2624 necessarium.
608 2584 665 2621 Est
679 2595 788 2620 autem
799 2583 875 2627 hoc,
887 2595 939 2616 me
949 2594 1044 2617 ceco-

222 2650 326 2674 nomo
332 2634 386 2672 vel
396 2635 567 2679 tesserario,
575 2635 689 2682 spiratus
701 2635 840 2667 animales
858 2633 959 2666 tunica
972 2633 1046 2664 mia-

223 2698 265 2721 ηε
275 2685 422 2727 advehere,
435 2695 552 2728 quorum
561 2682 712 2730 ministerio
725 2681 893 2716 obiectorum
902 2680 1045 2725 picturam

224 2735 256 2769 in
267 2732 330 2781 ipsa
339 2732 490 2776 expreffam
509 2735 608 2766 anima
619 2731 778 2778 dignoscat.
798 2731 1043 2779 Qcommea-

227 2791 280 2818 tus
291 2781 314 2818 ss
324 2782 557 2826 intercipiatur,
577 2779 727 2815 aboletur
738 2777 819 2814 vilio
830 2804 842 2822 ,
864 2779 912 2813 uti
925 2775 1044 2811 consti-

226 2832 291 2866 tuit
313 2840 384 2865 tota
403 2826 512 2862 schola
532 2828 673 2863 Medica.
696 2833 904 2875 Qpropter
919 2827 952 2860 in
973 2837 1044 2860 eam

227 2878 329 2928 aliqui
341 2888 456 2912 venere
468 2873 705 2919 sententiam‚ut
715 2877 902 2923 primariam
912 2885 1046 2909 cernen-

226 2927 262 2962 di
272 2929 342 2963 vim
350 2922 512 2974 spiritibus
522 2922 712 2958 animalibus
724 2922 915 2958 tribuerent.
939 2920 1044 2969 Qd

225 2986 335 3011 tamen
342 2987 405 3022 ego
425 2983 492 3006 non
514 2972 650 3018 opiner·,
668 2973 817 3018 quamvis
829 2982 927 3017 cogar
937 2969 1045 3013 fateri,

228 3037 295 3059 non
306 3025 473 3059 minimam
485 3017 525 3053 ab
536 3020 581 3053 eis
591 3018 726 3052 actionis
738 3030 861 3064 partem
881 3017 1045 3065 depende-

227 3083 273 3106 re:
293 3071 364 3106 sunt
381 3070 468 3106 enim
487 3065 663 3103 administri
682 3065 846 3113 potestatis
868 3067 982 3100 animae
1002 3065 1045 3101 ad

225 3120 387 3167 agendum
399 3143 411 3161 ,
428 3122 459 3154 &
473 3113 651 3154 mediastini
669 3115 815 3163 corporis
826 3112 867 3150 ad
879 3113 1043 3149 astionem

580 188 737 226 VOP.
787 183 1274 223 FORTVNATI
1324 178 1659 218 PLEMPII

1091 243 1206 278 animae
1216 241 1452 290 recipiendum.

1138 290 1244 326 Porro
1255 303 1320 325 non
1332 302 1444 338 parum
1454 287 1575 336 semper
1588 288 1723 322 miratus
1734 284 1815 328 sum,
1827 295 1914 333 quo-
1937 310 1939 316 .
1983 287 1985 290 ⁴

1091 338 1199 374 modo
1211 337 1406 375 nobiliffima
1420 342 1450 373 &
1465 337 1643 372 tcnmffima
1656 333 1825 382 spirituum
1840 345 1916 367 cor-

1088 385 1239 435 puscula,
1259 400 1330 436 quae
1352 397 1455 435 partes
1467 384 1594 434 quasws
1618 395 1715 418 etiam
1728 382 1913 417 duriffimas

1090 446 1257 484 penetrant
1272 460 1284 480 ‚
1302 435 1459 471 mollibus
1470 433 1534 468 istis
1546 432 1688 468 nervon]
1700 441 1915 478 conceptacu-

1090 487 1129 518 lis
1140 486 1302 532 patiantur
1311 482 1342 519 se
1352 479 1694 531 comprehendi.Qd
1709 478 1914 528 :diuus-iiiam

1089 531 1207 568 summi
1220 531 1265 567 sui
1278 532 1444 567 architecti
1471 543 1579 580 parcre
1598 529 1736 576 imperio
1746 553 1759 572 ‚
1787 531 1843 577 qui
1854 539 1912 562 eos

1090 580 1162 628 ipsis
1174 579 1316 629 praefixit
1323 579 1446 615 canales
1457 593 1492 614 ac
1506 580 1661 613 terminos
1672 590 1682 618 ;
1695 577 1914 624 quemadmo-

1089 634 1169 664 dum
1180 629 1267 664 idcm
1280 632 1381 664 maria
1389 627 1543 664 litoribus
1552 628 1714 661 coercuit<
1730 627 1757 658 N
1767 623 1823 658 ihil
1836 622 1921 672 pro-¹
1982 655 1985 667 Α

1091 675 1190 726 spicio
1200 689 1315 725 praeter
1328 677 1391 712 hoc
1401 703 1412 721 ‚
1436 676 1526 726 quod
1538 675 1618 710 mihi
1631 672 1831 709 intellectum
1842 684 1916 709 tan-

1092 725 1190 773 tisper
1204 739 1236 760 111
1247 726 1426 775 tranquillo
1435 735 1546 772 ponat.

1142 775 1205 810 Sed
1217 775 1258 810 ad
1269 786 1388 810 nervos
1398 774 1565 809 redeamus
1580 787 1588 807 :
1638 782 1756 806 uorum
1767 770 1915 818 inprimis

1093 823 1269 858 mollitiem
1281 821 1544 858 confiderandam
1555 820 1612 856 fibi
1625 823 1754 856 lumunt
1767 820 1915 855 (inlecto-

1092 883 1156 916 res,
1171 883 1268 922 atque
1280 871 1475 906 arbitrantur
1485 870 1566 904 hanc
1576 871 1620 904 eis
1632 869 1786 903 donatam
1796 868 1915 912 esse,ob

1093 931 1305 956 communem
1314 918 1405 954 illam
1417 921 1590 962 rationem,
1601 929 1698 966 quam
1708 927 1840 964 propter
1852 930 1914 952 cae-

1094 969 1153 1002 teri
1180 981 1293 1004 omnes
1313 966 1500 1003 sentientem
1519 966 1705 1001 facultatem
1734 970 1915 1002 deterentes

1094 1015 1211 1051 molles
1232 1015 1315 1052 sunt.
1338 1016 1578 1065 Aquapendens
1608 1015 1688 1051 vero
1712 1012 1801 1048 addit
1813 1038 1824 1057 ‚
1848 1027 1914 1050 non

1096 1063 1213 1099 molles
1231 1063 1340 1100 solum
1358 1068 1487 1113 opticos
1508 1089 1519 1108 ‚
1537 1062 1588 1098 sed
1615 1076 1680 1111 prae
1709 1061 1778 1106 alijs
1805 1063 1914 1098 nervis

1094 1112 1264 1148 molliores
1278 1113 1347 1159 effe,
1360 1114 1433 1158 qued
1445 1113 1493 1159 ipfi
1507 1111 1527 1146 a
1538 1117 1596 1147 luce
1607 1111 1724 1146 tantam
1733 1110 1914 1157 afficmnrur,

1094 1172 1181 1203 quam
1191 1174 1366 1206 nequaquam
1378 1164 1579 1206 vehementem,
1589 1161 1612 1208 s
1607 1162 1639 1194 ed
1648 1158 1730 1194 vam&
1739 1158 1865 1206 affestam
1878 1168 1914 1198 (5-

1095 1209 1261 1256 castigatam
1270 1215 1490 1257 recipiunmalie
1499 1220 1595 1244 autem
1601 1213 1770 1256 sentientem
1773 1207 1921 1254 facultas?

1094 1259 1195 1295 levner
1206 1261 1354 1295 admodum
1367 1271 1470 1295 movet.
1485 1266 1550 1293 lure
1561 1269 1651 1304 igitur
1664 1267 1766 1292 tatem
1778 1258 1915 1292 menium

1095 1317 1216 1342 extitere
1220 1322 1230 1350 3
1239 1310 1311 1353 quod
1320 1321 1393 1343 emm
1404 1310 1482 1343 molle
1490 1307 1539 1354 cst,
1548 1304 1675 1353 prompt>
1685 1315 1795 1350 recipit.
1821 1309 1914 1342 Reor

1095 1353 1220 1391 bonum
1230 1358 1395 1392 auctorem
1405 1357 1502 1393 verba
1513 1360 1616 1391 lacere
1626 1356 1666 1390 de
1678 1356 1784 1388 nervis
1795 1356 1914 1402 opticis

1093 1412 1186 1438 eXtra
1195 1403 1284 1439 oculi
1294 1404 1432 1451 globum
1445 1404 1773 1444 conlistentibusgnam
1783 1404 1828 1436 ita
1839 1405 1915 1452 qui-

1093 1451 1169 1487 dem
1189 1451 1246 1487 fibi
1267 1455 1363 1487 initio
1385 1456 1497 1502 capitis
1528 1454 1694 1501 proponit.
1728 1452 1913 1499 Qomodo

1093 1500 1174 1547 ergo
1197 1500 1357 1537 existimat
1375 1500 1481 1537 lucem
1502 1510 1543 1536 ad
1564 1513 1620 1536 eos
1632 1499 1719 1535 intro
1743 1499 1914 1547 appellere,

1094 1561 1171 1596 qula
1180 1561 1281 1596 nuper
1302 1561 1394 1585 tanto
1413 1550 1585 1585 molimine
1605 1548 1777 1597 crystallini
1792 1547 1915 1584 finibus

1094 1597 1243 1633 eamdem
1254 1597 1469 1634 concludebat
1481 1602 1493 1635 ζ
1507 1604 1584 1634 Lux
1599 1610 1699 1645 opaca
1708 1605 1846 1644 corpora
1856 1595 1915 1632 suo

1094 1643 1218 1680 lumine
1226 1657 1390 1694 penetrare
1400 1659 1467 1682 non
1479 1649 1565 1696 potis
1575 1645 1631 1681 est:
1644 1648 1753 1694 itaque
1763 1658 1830 1679 non
1841 1658 1917 1692 per·-

1094 1694 1199 1730 tendit
1209 1698 1248 1730 ad
1258 1707 1377 1730 nervos
1386 1698 1514 1744 opticos
1524 1721 1536 1741 ‚
1548 1705 1644 1745 atque
1655 1693 1737 1730 adeo
1749 1706 1854 1742 neque
1874 1693 1916 1730 ab

1094 1741 1215 1779 eisdem
1224 1741 1380 1794 sentitur3
1397 1746 1480 1782 seda
1492 1747 1594 1781 retina
1605 1765 1617 1789 5
1639 1757 1712 1794 quae
1733 1744 1767 1778 in
1783 1755 1919 1792 quoque

1094 1790 1196 1828 oculo
1215 1790 1368 1842 cujusque
1388 1796 1489 1843 optici
1511 1793 1555 1829 est
1573 1805 1730 1842 propago*
1763 1795 1805 1827 Id
1824 1791 1919 1838 vero,

1120 1839 1188 1876 uod
1207 1843 1242 1877 in
1260 1842 1363 1877 retina
1387 1842 1502 1888 sentit,
1523 1843 1630 1877 anima
1648 1842 1693 1877 est
1711 1838 1915 1877 adminiculo

1108 1891 1244 1937 piritus,
1257 1889 1347 1925 cu'us
1366 1890 1495 1940 spiritus
1503 1892 1605 1939 optici
1616 1891 1708 1926 nervi
1729 1887 1800 1924 sunt
1810 1890 1920 1937 porti-

1095 1948 1195 1984 toreS,
1204 1938 1269 1985 vel,
1296 1953 1307 1974 1
1316 1942 1433 1986 mavis,
1444 1939 1606 1977 vehiculaa
1617 1935 1734 1974 Inscite
1745 1940 1824 1985 ergo
1837 1949 1919 1985 pro-

1094 1997 1203 2036 pterea
1221 1987 1390 2024 molliores
1399 1988 1434 2025 hi
1456 1990 1547 2025 nervi
1559 2000 1623 2037 prae
1634 1986 1705 2035 alijs
1715 1988 1920 2022 constituun-
1951 1985 1953 1988 ’

1095 2047 1162 2082 tur,
1173 2037 1267 2086 quod
1281 2035 1388 2073 lucem
1399 2041 1538 2086 recipere
1547 2035 1721 2073 debebant.
1736 2034 1840 2070 Porro
1852 2047 1919 2083 ego

1095 2095 1164 2120 non
1175 2086 1286 2132 judico
1313 2085 1398 2136 ipsos
1418 2086 1561 2123 mollitie
1581 2084 1651 2133 alijs
1671 2086 1779 2120 nervis
1805 2085 1918 2120 rever->t

1095 2134 1289 2181 praecellere3
1300 2136 1405 2172 videri
1416 2147 1524 2172 tamen
1535 2137 1592 2178 ita,
1606 2133 1698 2183 quod
1708 2140 1772 2181 prae
1784 2133 1920 2169 craffitie

1096 2195 1133 2216 ac
1157 2185 1382 2231 magnitudine
1405 2183 1561 2220 mollities
1582 2194 1698 2218 eorum
1716 2179 1754 2216 fit
1775 2179 1920 2229 palpabi-

1097 2229 1162 2265 lior
1173 2252 1185 2274 ,
1208 2245 1280 2280 quae
1292 2235 1325 2267 in
1336 2231 1405 2278 alijs
1425 2231 1570 2268 nervulis
1582 2230 1628 2265 ob
1639 2230 1855 2276 exiguitatem
1866 2239 1919 2264 ta-

1096 2279 1186 2313 &um
1197 2279 1276 2327 pene
1288 2280 1385 2327 fugit.
1407 2284 1479 2315 Iam
1501 2279 1582 2315 vero
1602 2277 1720 2314 molles
1742 2275 1800 2312 effe
1812 2302 1822 2321 ‚
1837 2275 1919 2326 quid

1097 2328 1232 2363 mirum}
1247 2329 1390 2364 Mollem
1402 2330 1489 2365 enim
1501 2327 1622 2363 habent
1632 2327 1822 2375 genitricem
1833 2337 1922 2361 cere-

1099 2375 1148 2410 bri
1159 2374 1365 2413 substantiam
1374 2403 1386 2422 ‚
1409 2380 1443 2412 in
1462 2376 1551 2423 cujus
1572 2374 1640 2411 sinu
1658 2374 1818 2424 perpetuo
1836 2386 1919 2409 con-

1097 2424 1265 2473 quiescunt
1280 2440 1288 2460 :
1310 2427 1528 2475 praeterquam
1538 2424 1630 2474 quod
1643 2424 1734 2471 juxta
1745 2421 1920 2458 oculorum

1096 2472 1237 2509 radicem
1248 2474 1347 2522 paulo
1360 2473 1391 2510 se
1412 2486 1502 2510 extra
1522 2473 1691 2509 cerebrum
1713 2471 1921 2520 protendant3

1098 2534 1167 2571 quo
1177 2520 1253 2558 loco
1263 2525 1363 2559 etiam
1383 2522 1555 2560 durescunt
1569 2520 1721 2557 nonnihil
1741 2524 1773 2555 &
1795 2518 1922 2557 denses-

1097 2580 1196 2615 cunt,
1221 2572 1268 2605 uti
1278 2584 1333 2620 par
1343 2572 1397 2608 est.
1411 2571 1587 2608 Obnititur
1596 2572 1685 2605 enim
1706 2578 1827 2604 natutae
1847 2567 1934 2604 ΡΙτι-Χ

1097 2621 1257 2664 centinus,
1264 2624 1343 2656 dum
1355 2620 1449 2657 nobis
1459 2618 1645 2669 persuadere
1654 2616 1791 2660 laborat,
1803 2628 1922 2652 nervos

1097 2670 1225 2716 opticos
1236 2690 1249 2712 ‚
1260 2679 1374 2705 contra
1394 2668 1537 2705 aliorum
1556 2678 1734 2703 nervorum
1754 2665 1923 2701 conditio-

1098 2717 1257 2764 nem‚quo
1269 2719 1372 2765 magis
1381 2720 1400 2754 ὲ
1411 2717 1545 2754 cerebro
1556 2715 1597 2751 ad
1607 2713 1724 2751 oculos
1735 2713 1921 2762 procedunt

1096 2765 1138 2801 eo
1150 2763 1318 2800 molliores
1330 2766 1443 2803 sensim
1455 2766 1604 2803 evadere·
1639 2765 1721 2798 Sunt
1732 2773 1832 2811 prope
1842 2774 1923 2797 ocu-

1097 2812 1147 2849 los
1156 2826 1222 2848 non
1233 2811 1340 2850 solum
1351 2828 1417 2850 non
1431 2814 1622 2856 molliffimi,
1642 2810 1697 2847 sed
1708 2809 1783 2846 vere
1796 2809 1830 2845 dt
1842 2807 1923 2846 rius-

1096 2861 1173 2897 culi.
1186 2865 1303 2911 ltaque
1314 2865 1501 2911 opticorum
1515 2860 1705 2904 mollitiem,
1715 2868 1828 2907 utpote
1840 2857 1922 2894 reli-

1097 2923 1240 2962 quorum
1262 2922 1440 2948 nervorum
1461 2909 1603 2947 mollitie
1623 2920 1690 2944 non
1711 2905 1927 2944 excellentio-
1946 2940 1950 2950 ,
1980 2924 1990 2935 2⁴

1097 2973 1188 3004 rem,
1204 2958 1329 2997 nullam
1348 2959 1543 3009 peculiarem
1563 2958 1604 2994 ad
1618 2956 1725 2993 visum
1744 2954 1924 2992 utilitatem

1096 3007 1244 3045 conferre
1255 3009 1461 3045 crediderim.

1147 3053 1320 3096 Caeterum
1331 3056 1500 3092 crassitiem
1512 3054 1633 3091 habent
1652 3052 1716 3089 fine
1726 3061 1920 3088 controvet-
1951 3045 1953 3049 ¹

1097 3103 1137 3141 fia
1149 3117 1213 3154 prae
1225 3105 1379 3142 omnibus
1397 3105 1521 3141 cerebri
1533 3106 1640 3141 nervis
1659 3100 1801 3141 maxime
1815 3097 1920 3185 vidsen-

1867 3159 1921 3185 am
