1990 3386
197 172 270 216 306

204 235 263 280 est,
282 249 349 272 non
361 237 378 274 ἒι
390 236 460 274 solo
473 234 532 271 illo
543 232 682 268 humore
693 230 791 268 crasso
803 229 958 279 lentoque
968 243 1026 266 ex-

206 284 307 333 surgit
319 284 441 334 albugo
453 310 462 328 ,
482 282 535 318 scd
545 283 643 317 etiam
655 293 697 317 ex
709 282 899 315 cicatricem
911 292 1028 314 cornea

207 333 339 379 relicta,
361 344 457 383 prout
469 343 582 367 omnes
603 329 749 364 αυᾶοτεε
759 327 920 364 sentiunt:
937 329 980 362 ita
992 338 1030 362 ut

209 382 372 419 Pernelius
385 380 495 416 saltem
512 378 549 414 sit
559 378 741 413 diminutus
765 380 798 413 in
809 376 973 412 reddenda
982 374 1031 410 al-

208 429 337 478 buginis
346 427 447 466 causa.
459 427 534 465 Iino
544 426 641 462 aliam
652 426 828 476 quamdam
839 428 936 461 etiam
947 437 1031 459 non-

208 479 291 515 nulli
301 478 462 526 albuginis
470 476 594 512 causam
604 486 731 524 ponunt
743 493 753 520 5
766 474 930 511 defectum
944 472 1030 509 scili-

210 538 260 567 cet
273 530 404 562 virtutis
424 524 636 563 affimilativae
653 550 664 569 ‚
682 523 788 573 qualis
799 523 842 559 est
853 525 886 558 in
896 520 985 570 lepra
996 526 1028 557 &

210 575 387 624 morphaea.
403 579 449 611 At
460 574 525 609 hoc
535 573 686 608 rarissime
699 574 861 620 contingit
878 586 886 606 z
908 584 982 605 nam
996 574 1027 605 &

207 626 241 659 in
253 623 445 660 confirmata
454 622 542 672 lepra
552 619 640 658 oculi
651 619 754 657 solent
765 620 824 657 effe
844 619 885 656 ab
900 618 1030 667 albugi-

208 685 248 707 ne
259 671 366 708 liberi.

260 722 477 770 Capivaccius
487 731 579 768 putat
588 717 688 754 solam
697 730 769 753 eam
789 715 847 752 effe
860 729 971 752 veram
982 714 1030 750 al-

209 768 365 817 buginem
378 792 388 814 ,
402 783 472 819 quae
486 772 503 805 a
516 770 664 804 cicatrice
686 765 737 802 fit*⁸
763 766 825 801 Sed
835 765 898 801 hoc
909 778 974 800 non
987 764 1030 799 est

208 818 329 854 necesse
337 821 444 854 dicere
456 832 465 860 ;
487 830 592 866 neque
603 818 690 852 enim
704 814 771 850 ulla
781 815 845 850 hoc
855 814 1031 849 auctoritas

207 865 261 901 vel
273 870 357 903 ratio
368 866 489 903 suadeta

260 914 538 952 Praesuafiffimum
548 912 652 962 vulgo
663 912 717 957 est,
728 912 774 949 ob
787 910 905 947 Tobiae
927 908 1033 945 senio-

210 965 253 1000 'ris
264 963 494 1009 infortunium,
505 964 621 999 stercus
631 961 813 997 hirundinis
832 958 936 995 oculis
948 960 1034 994 inci-

207 1013 289 1049 dens
309 1012 497 1062 albuginem
516 1010 758 1059 caecitatemque
779 1009 943 1044 inducere.
975 1011 1032 1043 An

209 1073 320 1097 autem
330 1061 393 1098 hoc
405 1061 451 1098 ob
463 1062 694 1110 proprietatem
705 1057 868 1094 occultam
878 1083 889 1101 ,
912 1069 952 1091 ari
963 1069 1033 1092 rna-

159 1107 174 1116 “’
206 1108 352 1146 nifestam
389 1109 557 1146 ualitatem
569 1119 641 1156 agat
653 1133 662 1151 ‚
684 1106 740 1143 dis
733 1118 864 1156 putatur
876 1119 890 1139 a
916 1106 958 1140 ud
969 1105 1033 1140 do-

210 1159 294 1195 etos.
316 1162 358 1195 Vi
386 1173 415 1204 e,
426 1158 448 1194 si
458 1170 564 1202 vacat,
575 1157 656 1206 quid
665 1155 756 1204 super
768 1156 828 1191 hac
838 1167 872 1189 re
891 1118 1033 1204 fiaecule-

206 1217 263 1243 tur
276 1206 432 1244 Vallefius
443 1209 494 1243 lib.
508 1208 542 1241 de
546 1207 608 1254 sac.
622 1205 727 1252 Philos.
739 1214 800 1251 cap.
815 1216 874 1251 42.-

535 1272 695 1335 Signa-g.

256 1353 400 1390 Affefflis
421 1353 475 1389 hic
487 1355 626 1389 intuenti
638 1362 725 1401 patet
734 1373 746 1396 9
769 1361 804 1385 ut
816 1347 910 1397 signis
921 1342 1033 1383 nonsit

209 1415 304 1452 opus.
327 1402 433 1439 Facile
443 1404 542 1438 etiam
553 1399 775 1449 cognoscitur,
794 1411 833 1432 an
843 1401 860 1435 a
873 1399 1032 1440 cicatrice,

208 1465 249 1487 nn
260 1452 340 1488 vero
352 1465 392 1486 ex
403 1450 581 1487 humorum
593 1450 789 1497 impatffione
800 1448 982 1496 proveniat.

255 1500 360 1549 Qod
382 1500 422 1536 ad
441 1499 686 1548 prognosticum
708 1497 844 1538 attinet,
866 1493 989 1539 albugo
999 1493 1033 1525 in

207 1546 334 1586 senibus
347 1547 529 1586 insanabilis
539 1547 709 1588 statuitur3
735 1547 768 1579 in
781 1543 899 1579 adultis
908 1540 1033 1577 sanabi—

209 1596 249 1632 lis
265 1598 400 1647 quidem
416 1623 426 1641 ,
437 1596 490 1632 sed
501 1595 699 1636 difficultei23
721 1589 847 1627 facilius
868 1593 900 1624 in
912 1591 1032 1637 pueris-

211 1648 365 1682 cicatrix
389 1645 497 1681 multo
508 1642 676 1679 difficilius
688 1640 841 1681 tollitur,
860 1640 959 1683 quam
971 1636 1034 1671 hu-

210 1707 307 1736 1n0r5
328 1694 397 1729 imo
412 1707 478 1728 non
489 1692 618 1727 tollitur
629 1692 761 1724 cicatrix
772 1713 783 1731 ,
807 1685 860 1721 sed
871 1684 1034 1721 summum

211 1742 306 1790 quod
317 1742 355 1777 fit
365 1741 420 1784 est,
433 1740 523 1789 quod
535 1737 686 1773 nonnihil
698 1737 872 1773 deteratur.
887 1732 1034 1770 Callosas

212 1789 295 1824 vero
305 1812 316 1834 ,
325 1790 494 1824 diuturnas
507 1792 539 1823 &
553 1787 661 1822 crass'as
671 1785 834 1821 cicatrices
845 1795 955 1818 curare
966 1795 1034 1817 non

211 1849 367 1885 oportet=
390 1835 507 1873 necesse
526 1835 570 1872 est
590 1838 679 1871 enim
700 1835 757 1871 hic
780 1831 927 1880 collyrijs
939 1829 1035 1867 valde

220 1885 348 1921 acribus
360 1887 408 1921 uti
421 1900 431 1928 3
445 1887 530 1921 unde
540 1887 558 1921 ὲ
571 1884 758 1921 vehementi
769 1882 890 1918 horum
902 1880 1036 1915 morda-

215 1936 313 1970 citate
333 1934 402 1970 aliae
423 1934 511 1970 oculi
531 1946 638 1983 partes
658 1932 878 1968 ulcerarentur
892 1944 899 1963 :
912 1927 934 1963 si
954 1928 1033 1964 vero

215 1984 314 2020 etiam
334 1982 460 2019 suffusio
479 1995 534 2018 aut
555 1977 718 2031 glaucedo
738 1979 1035 2023 adfuerit‚vanum

213 2030 259 2067 est
279 2032 442 2068 cicatrices
461 2043 646 2080 extergere.-

535 2131 690 2179 Curatio.

260 2229 424 2277 Qamvis
451 2225 695 2276 'detergentibus
716 2230 748 2261 &
779 2219 1038 2263 discutientibus,

216 2290 289 2326 quae
301 2280 370 2312 vim
379 2274 452 2314 satis
463 2275 620 2324 insignem
630 2273 807 2310 desiccandi
819 2271 937 2306 habent
949 2294 960 2312 ,
971 2270 1038 2302 tol-

213 2325 318 2361 lendae
339 2324 399 2361 sint
421 2324 596 2362 oculorum
616 2322 783 2372 albugines
795 2348 807 2367 ,
829 2321 905 2368 quia
916 2329 1037 2361 tamen,

216 2375 297 2410 dum
307 2376 404 2410 nimis
417 2372 634 2417 exsiccantur,
654 2374 756 2420 magis
769 2370 960 2406 indurantur
971 2390 982 2408 ,
1004 2369 1036 2399 &

217 2424 259 2458 ad
283 2423 497 2471 digestionem
529 2435 565 2456 ac
592 2420 807 2457 detersionem
836 2414 1038 2453 difficiliores

216 2471 358 2507 evadunt
374 2486 383 2513 3
402 2472 478 2508 ideo
490 2482 525 2506 ut
537 2469 771 2506 medicamenta
784 2465 900 2504 melius
910 2463 1038 2515 *poffint

215 2520 362 2556 officium
372 2518 464 2557 suum
475 2518 737 2568 praestare,operae
750 2519 892 2565 pretium
902 2515 1037 2554 iaciunt,

218 2569 277 2615 qui
300 2567 428 2605 mollire
449 2569 537 2618 prius
549 2581 658 2604 earum
669 2565 876 2602 substantiam
886 2564 1036 2612 nituntur

219 2613 343 2650 balneis
354 2641 364 2659 ‚
380 2615 574 2653 fomentisve
590 2642 600 2662 ,
621 2627 676 2651 aut
698 2627 819 2663 vapore
829 2624 919 2661 aquae
932 2608 1036 2644 dulcis

219 2662 345 2707 calidae,
358 2665 545 2701 veldecoeti
557 2664 686 2707 maluae,
696 2663 834 2706 althaeae,
846 2661 927 2696 foeni
940 2661 1037 2694 Grae-

216 2713 259 2746 ci:
278 2711 397 2747 deinde
407 2714 583 2750 admoveri-t
604 2711 743 2759 collyria
765 2710 965 2758 detergentia
974 2705 1037 2741 hu-

219 2759 306 2795 mida
316 2759 368 2794 vel
379 2759 455 2795 ficca
466 2788 476 2806 ,
498 2774 533 2797 ut
556 2764 659 2809 magis
681 2760 785 2796 visum
796 2759 896 2795 fuerit
915 2766 1037 2791 conve-

221 2809 322 2843 niens·
335 2810 521 2856 Antequam
534 2811 615 2846 vero
628 2811 695 2845 haec
703 2809 1037 2850 adhibeantur,opor-

219 2867 266 2892 tet
282 2853 369 2904 prius
391 2867 507 2904 corpus
520 2857 706 2894 universum
719 2862 750 2893 &
763 2867 857 2905 caput
866 2863 1034 2890 evacuare.

269 2901 416 2951 Simplex
426 2916 460 2938 ac
469 2902 560 2939 facile
570 2908 842 2941 medicamentum
853 2904 893 2939 ad
907 2901 1036 2947 albugi—

220 2965 274 2988 nes
283 2951 337 2995 est,
350 2950 372 2986 fi
382 2962 483 2986 mater
492 2950 545 2986 vel
561 2956 670 2987 nutrix.
682 2954 736 2989 vel
757 2952 874 2989 mulier
893 2951 955 2987 alia
972 2952 1037 2984 106-

219 2999 364 3043 niculum
377 2999 507 3035 mandat
519 3025 530 3044 ,
548 3004 580 3034 &
601 3012 680 3034 mox
704 3004 736 3035 in
748 3001 882 3037 oculum
893 2998 1035 3046 inspiret.

223 3048 392 3084 Valentius
403 3050 464 3083 erit
474 3075 485 3093 ,
495 3046 517 3084 fi
531 3046 639 3095 lingua
651 3074 662 3092 ,
687 3049 756 3095 post
781 3063 856 3083 uam
877 3047 1036 3084 mandent

217 3096 408 3133 foeniculum
421 3123 432 3143 ‚
451 3095 597 3144 delingat
618 3093 741 3133 diutius
752 3108 768 3131 a
785 3095 948 3143 buginem.
973 3093 1038 3130 Sed

511 155 1604 206 VORFORTVNATIPLEMPH

1081 233 1112 265 ὃ(
1126 230 1348 267 cinamomum
1359 230 1503 266 nostrum
1517 231 1604 267 idern
1617 229 1900 270 effici120fficacius

1081 276 1125 331 eil
1134 279 1224 327 piper
1234 278 1285 314 vel
1298 291 1382 315 ruta:
1405 280 1475 316 imo
1489 278 1509 315 fi
1522 279 1575 316 vel
1586 280 1753 315 modicum
1764 279 1834 317 salis
1845 282 1900 319 v'el

1083 328 1161 361 nitri
1172 327 1430 363 commasticetur
1440 355 1450 372 ,
1462 329 1576 363 efficax
1588 330 1648 363 crit
1657 329 1848 367 remedium.

1134 379 1224 410 Inter
1235 375 1412 425 composita
1423 376 1486 412 hoc
1496 377 1653 425 probatur
1665 403 1676 421 ‚
1688 380 1719 411 δι
1734 377 1778 412 est
1788 378 1895 417 facile.

1083 424 1129 458 R.
1143 422 1374 470 sarcocollam,
1385 423 1529 473 spumam
1542 428 1637 461 maris
1648 424 1698 461 seu
1711 423 1899 474 alcyonium

1084 474 1116 505 &
1128 469 1309 509 saccharum
1331 476 1470 510 candum
1491 474 1607 523 aequali
1628 474 1770 522 pondere
1782 490 1792 517 ς
1807 474 1902 513 simul

1083 529 1226 556 terantur
1246 525 1357 558 omnia
1377 521 1627 572 exquifitiffime.
1652 521 1716 558 Vel
1728 525 1773 559 R.
1787 527 1900 562 Tutiae

1082 578 1214 616 praepar.
1226 568 1328 606 sacch‘.
1340 572 1500 606 cand.ana
1519 570 1743 607 semidrachni.
1767 573 1841 608 offis
1851 573 1902 610 se-

1082 618 1142 663 piae
1154 616 1255 667 scrup.
1270 622 1303 655 F.
1317 619 1383 668 pul.
1406 621 1463 655 Eis
1485 619 1647 667 possumus
1669 622 1755 655 itam
1767 619 1901 668 pulvere

1082 667 1143 705 uti,
1155 666 1208 701 vel
1220 680 1317 703 etiam
1329 666 1450 705 sumere
1461 667 1625 704 tantillum
1635 668 1754 714 mellis,
1764 681 1818 704 aut
1827 668 1898 706 suc-

1084 715 1111 747 ci
1124 713 1220 751 rosar.
1237 715 1342 752 velfo:
1351 716 1449 752 niculi
1462 741 1474 762 ,
1495 721 1526 752 &
1550 716 1707 752 conficere
1717 721 1750 752 in
1762 719 1899 757 modum

1083 761 1213 811 collyrii
1230 779 1237 799 :
1252 764 1307 800 ubi
1320 777 1427 801 autem
1439 768 1498 801 erit
1511 778 1605 814 optiS,
1617 777 1738 801 teretur
1749 771 1780 801 &
1793 766 1902 804 dilue-

1084 821 1138 864 tur
1149 837 1159 855 ,
1181 816 1321 862 atquein
1333 813 1497 863 liquorem
1507 815 1671 850 redactum
1692 814 1899 852 instillabitur

1085 872 1118 893 in
1129 860 1273 897 oculum.
1289 865 1412 898 Poterit
1423 874 1531 898 autem
1551 861 1633 898 dilui
1657 862 1795 899 decocto
1815 863 1899 902 steni

1085 910 1206 953 Graeci,
1223 909 1277 946 vel
1289 913 1370 962 aqua
1381 910 1519 956 rosacea,
1530 910 1584 946 vel
1596 910 1743 946 foeniculi
1757 938 1768 956 ,
1780 913 1832 948 vel
1845 927 1901 949 ru-

1085 966 1137 992 τῖε.
1152 960 1280 995 Fortius
1291 972 1398 995 tamen
1407 962 1467 996 erit
1479 961 1763 1005 medicamentum,
1774 959 1797 996 fi
1807 963 1901 999 arido'

1086 1014 1224 1058 utamur.
1242 1008 1396 1044 Aliorum
1406 1010 1527 1044 acrium
1538 1009 1758 1044 remedio-rum
1772 1022 1838 1044 non
1857 1012 1902 1047 est

1085 1063 1130 1089 ita
1142 1065 1230 1091 tutus
1241 1055 1314 1092 usus
1324 1083 1335 1102 ,
1358 1056 1437 1093 sicut
1457 1058 1576 1093 horum
1585 1081 1596 1098 ‚
1621 1070 1693 1106 quae
1706 1055 1811 1092 facilia
1818 1056 1903 1102 sunt;

1084 1109 1236 1185 puamvis
1246 1104 1315 1141 haec
1326 1106 1476 1154 longiore
1487 1116 1633 1154 tempore
1644 1116 1808 1153 egeant,ut
1820 1120 1902 1155 opus

1099 1163 1176 1187 uum
1187 1154 1365 1201 perficiant.
1380 1153 1506 1190 Verum
1517 1153 1615 1202 longe
1628 1154 1763 1202 praestat,
1774 1157 1818 1189 ait
1830 1159 1903 1192 Ga-

1084 1197 1234 1238 lenuslib.
1252 1217 1287 1250 4.
1300 1205 1332 1237 de
1341 1214 1427 1249 comp.
1449 1206 1521 1239 med.
1539 1204 1595 1250 stc.
1610 1206 1663 1238 Ioc.·
1676 1200 1781 1237 «serius
1795 1208 1826 1238 &
1847 1215 1903 1240 tu-

1084 1247 1150 1302 tius
1160 1263 1270 1287 curare
1280 1278 1289 1296 ‚
1316 1254 1414 1301 quam
1427 1253 1539 1298 majori
1552 1250 1697 1301 periculo
1708 1264 1781 1286 cum
1792 1251 1843 1300 spe
1855 1256 1903 1288 ci-

1086 1301 1179 1333 tioris
1191 1302 1366 1336 curationis
1379 1311 1591 1349 aegrotantem
1603 1312 1776 1348 exponere.
1793 1306 1903 1337 luter-

1085 1345 1166 1381 dum
1175 1349 1261 1383 certe
1272 1363 1307 1384 ea
1318 1374 1328 1394 ,
1348 1363 1419 1399 quae
1432 1351 1555 1384 acriora
1571 1347 1657 1392 sunt,
1668 1348 1750 1383 adeo
1760 1347 1905 1396 particuss

1085 1391 1150 1429 lam
1162 1398 1290 1432 irritant
1301 1424 1312 1441 ,
1335 1410 1370 1433 ut
1385 1399 1544 1433 concitata
1557 1394 1707 1432 fluxione
1719 1399 1903 1434 inflamma-

1085 1445 1210 1478 tionem
1221 1445 1396 1480 inducant:
1413 1446 1577 1480 interdum
1589 1445 1669 1480 vero
1689 1447 1785 1481 nimis
1794 1447 1905 1482 deter-

1084 1491 1194 1536 gendo
1221 1492 1364 1528 ulcerarit
1405 1492 1617 1529 membranas.
1648 1497 1765 1542 Itaque
1795 1497 1900 1542 mitia,

1086 1551 1245 1585 quantum
1256 1539 1331 1576 licet
1344 1569 1355 1586 ,
1375 1540 1535 1589 eligantur
1545 1541 1656 1577 saltem
1675 1544 1709 1575 in
1725 1545 1899 1592 principio:

1086 1588 1170 1620 inter
1184 1602 1254 1637 quae
1265 1589 1309 1624 est
1317 1589 1500 1625 saccharum
1511 1599 1644 1638 quoque
1657 1591 1795 1625 candum
1808 1618 1819 1635 ,
1831 1604 1900 1640 quo

1086 1631 1248 1689 solos-,epe
1259 1650 1436 1686 puerorum
1447 1638 1614 1686 albugines
1625 1648 1740 1672 cui-atae
1750 1636 1822 1674 sunt
1837 1654 1845 1674 ε
1868 1642 1904 1676 in

1085 1681 1245 1730 pollinem
1254 1687 1472 1723 tenuiffimum
1484 1690 1599 1722 teritur
1610 1691 1641 1721 &
1652 1686 1811 1721 cribratur
1821 1713 1833 1732 ,
1854 1699 1907 1724 at-·

1088 1744 1151 1780 que
1163 1732 1276 1784 aliquo
1287 1734 1419 1785 specillo
1430 1734 1574 1783 albugini
1585 1733 1788 1783 inspergitur,
1799 1748 1908 1784 aegro-

1088 1791 1175 1835 tante
1187 1783 1301 1833 supino
1312 1785 1432 1831 jacente
1442 1786 1558 1832 apertis
1570 1782 1782 1832 oculi53prius
1795 1795 1906 1822 tamen:

1088 1830 1244 1869 instillato
1256 1832 1336 1869 laete
1357 1833 1509 1869 muliebri
1521 1835 1555 1868 in
1567 1832 1700 1868 oculum
1711 1858 1722 1877 ,
1745 1843 1842 1882 atque
1851 1836 1908 1869 iti-

1087 1878 1164 1915 dem
1174 1881 1272 1930 paulo
1283 1882 1367 1931 post,
1377 1882 1433 1918 ubi
1446 1880 1597 1917 vellicare
1606 1880 1713 1930 pulvis
1725 1880 1907 1929 videbitur,

1089 1938 1126 1963 ut
1141 1929 1241 1966 dolor
1259 1930 1408 1967 leniatur«
1431 1929 1603 1967 Valentius
1625 1930 1669 1966 est
1688 1929 1908 1966 medicamen-

1088 1986 1176 2023 tum,
1187 1977 1209 2015 fi
1222 1983 1366 2030 capiatur
1375 1979 1419 2016 fel
1430 1978 1506 2026 lucij
1518 1978 1609 2029 piscis
1620 2004 1631 2023 ‚
1643 1989 1740 2028 atque
1749 1980 1778 2014 ei
1791 1991 1907 2027 parum

1088 2023 1226 2063 sacchar-i
1236 2030 1329 2065 candi
1340 2028 1551 2065 admisceatur
1566 2054 1578 2073 ,
1603 2025 1812 2076 diluatun‘3ue
1823 2029 1907 2078 aqufi

1088 2073 1306 2124 foeniculi,vel
1316 2077 1432 2114 mulsa.
1888 2120 1890 2123 ,

1139 2127 1345 2164 Mercurialis
1358 2126 1482 2163 solebat
1499 2127 1622 2164 sumere
1644 2123 1787 2160 radicem
1806 2122 1908 2160 cheli-

1089 2172 1209 2219 doniae,
1228 2181 1259 2212 ὅς
1275 2177 1358 2225 aqua
1369 2179 1444 2212 vitae
1455 2175 1627 2224 diligenter
1640 2171 1780 2217 abluere,
1789 2173 1912 2208 deinde>

1088 2222 1214 2268 pistare,
1226 2229 1258 2259 δε
1267 2238 1322 2273 per
1333 2224 1444 2260 colum
1455 2223 1668 2259 transmittere
1683 2247 1693 2265 ,
1714 2221 1854 2270 eumc'l'ue
1865 2221 1908 2257 li-

1090 2282 1229 2318 quorem
1240 2275 1395 2319 guttatim
1405 2271 1555 2306 instillare
1567 2268 1666 2305 oculo
1685 2268 1799 2304 affecto
1812 2285 1820 2304 ι
1843 2282 1907 2305 ex-

1088 2318 1261 2368 pertusque
1280 2320 1324 2355 est
1343 2330 1484 2355 recentes
1516 2315 1656 2354 maculas
1686 2316 1760 2350 inde
1789 2317 1905 2354 deteri.

1090 2365 1158 2413 Alij
1179 2381 1216 2402 os
1234 2366 1326 2417 sepiae
1347 2367 1443 2404 valde
1466 2367 1599 2402 laudant
1629 2362 1747 2413 aequali
1762 2366 1905 2413 pondere

1089 2426 1167 2450 cum
1179 2416 1325 2452 saccharo
1335 2416 1438 2452 cando
1449 2414 1653 2451 commistum
1667 2441 1671 2450 .
1687 2417 1719 2447 &
1729 2412 1909 2460 pulverisa-

1090 2472 1171 2508 tum,
1185 2476 1281 2513 atque
1291 2464 1367 2501 flatu
1380 2465 1551 2513 ingestum:
1563 2474 1617 2498 aut
1628 2460 1787 2497 linimenti
1797 2461 1905 2501 form-'3

1090 2525 1165 2547 curn
1177 2515 1273 2551 melle
1284 2514 1470 2550 adhibitum
1480 2514 1563 2562 parti
1573 2511 1721 2546 interiori
1731 2510 1901 2559 palpebrae.

1090 2563 1235 2603 Quidam
1246 2575 1382 2599 utuntur
1393 2566 1427 2598 in
1437 2562 1500 2598 hoc
1512 2562 1603 2611 aquis
1614 2561 1750 2608 operose
1769 2559 1905 2596 distilla-

1091 2612 1143 2652 tis;
1154 2609 1206 2647 sed
1219 2626 1285 2649 non
1298 2625 1379 2661 opus
1390 2611 1434 2647 est
1449 2636 1458 2651 ‚
1477 2623 1552 2646 nam
1565 2621 1632 2644 non
1645 2606 1760 2644 necess'e
1771 2607 1829 2644 hic
1840 2608 1904 2644 alte

1091 2660 1323 2697 medicamenta
1333 2671 1499 2710 penetrare
1511 2673 1520 2700 3
1542 2671 1609 2693 non
1620 2658 1708 2691 enim
1716 2655 1817 2692 haeret
1827 2670 1905 2705 pro-

1090 2705 1189 2743 funde
1201 2708 1336 2753 malum,
1343 2708 1399 2745 sed
1410 2710 1444 2743 in
1452 2705 1630 2756 superficie3
1641 2715 1677 2739 ut
1687 2703 1758 2739 satis
1765 2703 1826 2740 fint
1835 2714 1908 2742 me·-

1089 2754 1270 2793 dic-amenta
1283 2757 1493 2806 abstergentia
1501 2753 1696 2804 simpliciter·
1709 2754 1789 2788 Haec
1798 2765 1907 2790 tamen

1090 2818 1172 2854 aqua
1182 2808 1199 2842 ὲ
1213 2819 1264 2841 me
1275 2811 1304 2841 &
1319 2806 1388 2852 alijs
1399 2804 1536 2854 probata
1546 2803 1590 2839 est
1600 2801 1657 2837 esse
1670 2799 1766 2837 valde
1776 2802 1904 2839 efficax:

1091 2855 1138 2890 R.-
1158 2853 1306 2890 foeniculi
1327 2857 1446 2902 manip.
1472 2866 1483 2887 1
1493 2865 1520 2890 i.
1549 2862 1630 2887 rutae
1659 2848 1825 2887 chelidon.
1845 2863 1904 2887 ana

1090 2904 1211 2951 manip.
1228 2914 1254 2939 ι.
1268 2902 1357 2939 mell.
1373 2904 1493 2953 optimi
1504 2913 1581 2937 unc.-
1601 2910 1613 2932 1
1623 2910 1636 2932 ι’
1644 2910 1654 2931 1
1662 2924 1671 2933 ·
1683 2896 1906 2934 saccharican-

1090 2949 1124 2984 di
1136 2949 1337 2989 rhodomeli.
1349 2965 1408 2987 ana
1418 2963 1491 2986 unca
1504 2961 1532 2986 1.
1545 2948 1637 2984 tutiae
1659 2945 1902 2990 Alexandrinae,-

1090 2995 1256 3035 sarcocoll.
1280 3011 1350 3037 nut.
1372 3013 1430 3035 ana
1440 2997 1585 3034 drachm.
1612 2996 1740 3031 ruvini
1754 2993 1817 3030 alb.
1831 3006 1902 3043 opt.

1090 3046 1249 3085 cochlear.
1266 3060 1278 3083 1
1287 3046 1412 3086 1.Misc.
1426 3051 1459 3084 δε
1468 3045 1639 3083 distilletur
1649 3042 1813 3090 i'udeaqua
1823 3054 1904 3091 pau-

1090 3106 1130 3129 60
1138 3107 1212 3143 igne

1687 3137 1902 3186 CAPUT
