1990 3386
231 203 301 230 21·

238 249 448 302 optimarum}
470 250 523 286 vel
535 248 632 284 aliam
645 250 805 283 internam
818 245 942 282 causam
953 244 1058 281 visum

239 301 465 339 obscurantem
480 313 487 334 :
501 310 572 334 tum
585 300 673 333 enim
686 297 800 332 contra
812 294 850 331 fit
861 321 873 340 ‚
893 305 929 330 ut
941 293 1059 329 scilicet

238 350 374 386 dilatata
396 346 518 396 pupilla
539 345 655 382 melius
677 345 820 380 interdiu
832 343 994 388 videatur,
1003 355 1062 390 pe-

238 397 291 435 ius
306 398 448 447 vesperi,
468 397 516 430 uti
527 394 702 445 aliquoties
713 391 897 430 observavi.

590 459 720 523 fauste.

289 539 396 584 Quod
418 537 522 574 causas
541 537 784 587 propositorum
801 535 972 572 affectuum
986 534 1062 569 atti-

244 599 310 633 net,
330 587 433 623 sentio
454 601 528 623 cum
549 587 737 623 doctiffimo
758 584 889 620 Platero
912 585 968 619 vix
977 581 1062 631 posse

240 635 311 672 illas
332 635 463 685 pupillae
484 635 692 671 habitudines
715 634 756 669 ab
776 632 934 669 adscititia
945 630 1063 666 hume-

241 686 383 722 ctatione
394 684 447 721 vel
457 683 629 721 siccatione
639 709 649 728 ,
672 681 726 719 vel
736 682 934 731 percussione
942 692 1063 728 prove-

240 737 321 770 nire:
333 736 380 770 uti
393 748 431 769 ne
458 748 497 769 ue
509 733 549 768 ab
560 733 740 769 humorum
751 730 804 766 vel
823 729 994 778 spirituum
1004 741 1063 763 co-

240 783 380 830 piosiore
400 748 525 818 inauxu
539 797 548 825 ;
571 782 605 818 id
618 780 710 831 quod
725 780 835 829 paffim
849 775 1062 829 cantillatura

241 833 396 868 Medicis.
422 835 468 868 Et
492 831 626 881 quidem
647 843 719 879 quae
741 827 844 877 potest
857 839 960 873 major
972 839 1063 861 uveae

239 881 384 916 accidere
404 881 605 916 humcetatio
617 881 651 914 in
673 877 788 923 mediis
799 874 993 911 humoribus
1005 887 1062 909 na-

241 930 351 964 titanti
365 935 375 965 ξ
402 927 549 965 Influxus
560 940 669 964 autern
690 927 869 963 humorum
882 937 947 959 non
960 922 1064 970 potest

244 989 362 1014 uveam
382 979 527 1024 tendere,
547 977 604 1013 nisi
627 974 715 1026 prius
734 987 885 1011 corneam
905 973 1015 1007 tendat
1028 984 1064 1006 ac

242 1026 434 1076 turgefaciat
446 1026 610 1072 maxime,
631 1028 720 1061 &ita
739 1021 973 1070 consequenter
982 1034 1064 1055 uve-

242 1088 296 1110 ani
308 1088 433 1110 corneae
446 1074 553 1111 valide
575 1075 745 1110 adnexam.
768 1068 943 1107 Excrescat
956 1080 1064 1104 autem

239 1137 363 1173 aqueus
384 1125 505 1159 humor
535 1123 575 1159 ad
604 1134 728 1158 tantam
741 1147 753 1166 ‚
782 1130 938 1168 quantam
971 1117 1063 1161 velis,

242 1175 372 1221 copiam
387 1198 396 1214 ‚
414 1171 437 1208 si
449 1186 599 1207 corneam
610 1184 676 1206 non
686 1169 859 1212 distendat,
869 1180 936 1202 non
944 1166 1065 1202 disten-

242 1219 299 1256 det
320 1234 437 1257 uveam
450 1247 460 1265 ‚
484 1219 538 1256 sed
550 1218 671 1269 semper
683 1218 758 1254 laxe
773 1217 840 1252 haec
850 1217 878 1251 ei
890 1215 1060 1250 innatabit:

244 1272 363 1318 quippe
386 1283 454 1305 non
476 1273 608 1306 co'e‘rcet
629 1282 713 1317 uvea
732 1278 872 1317 aqueum
885 1290 895 1309 ,
918 1263 971 1299 sed
991 1276 1067 1298 cor-

243 1329 313 1354 nea.
351 1323 468 1367 Itaque
498 1316 673 1354 increscens
695 1316 816 1367 aqueus
849 1312 972 1348 nullam
995 1314 1066 1347 vim

243 1379 336 1402 uveae
346 1366 424 1402 facit
441 1393 452 1411 ,
468 1366 544 1402 cum
555 1380 610 1415 per
630 1366 697 1413 ejus
709 1365 856 1401 foramen
867 1361 949 1414 liber
959 1372 1066 1415 pateat

241 1416 414 1460 transitus,
437 1415 489 1451 sed
511 1429 663 1451 corneam
684 1414 811 1462 impetit
825 1438 836 1457 ‚
856 1424 946 1459 cujus
971 1409 1066 1446 obice

242 1467 440 1508 continetur.
481 1467 514 1499 Si
531 1463 732 1513 crystallinus
752 1461 872 1499 humor
884 1458 966 1495 adeo
979 1457 1067 1512 mole

242 1520 447 1561 augeretur„
476 1524 513 1548 ut
541 1511 724 1548 :introrsum
755 1522 892 1557 vergens
913 1507 1066 1542 foramini

240 1574 334 1597 uvcae
357 1562 388 1598 se
413 1561 588 1606 insereret,
611 1560 667 1596 ille
687 1560 751 1595 sine
773 1559 878 1594 dubio
910 1553 1068 1608 pupillam

242 1609 397 1646 dilataret
418 1637 429 1655 ,
449 1624 554 1658 neque
575 1609 690 1644 sineret
709 1606 867 1657 pupillam
879 1605 1067 1648 constringi.

243 1661 349 1694 Ratio
380 1659 423 1694 est
442 1685 451 1702 ‚
469 1660 546 1707 quia
565 1656 686 1692 humor
728 1656 783 1690 ille
805 1651 1007 1689 duriusculus
1025 1648 1071 1684 est

243 1710 278 1741 δε
302 1706 471 1742 consistens
488 1731 499 1749 ‚
521 1708 641 1753 quippe
664 1704 794 1752 propria
827 1701 938 1736 tunica
961 1698 1071 1735 obdu-

243 1755 333 1793 Ctus;
359 1765 458 1802 atque
480 1757 524 1787 ita
542 1752 596 1788 sua
630 1751 752 1787 duritie
775 1750 875 1800 posset
892 1747 1073 1785 distendere

245 1812 365 1837 uveam
378 1817 386 1836 :
400 1802 493 1850 quod
504 1814 571 1836 nori
580 1800 684 1850 potest
693 1800 732 1836 de
746 1813 852 1849 aqueo
864 1798 930 1834 dici
943 1824 954 1843 ‚
973 1807 1073 1844 utpo-

244 1859 279 1885 te
313 1853 346 1886 ui
358 1848 395 1886 sit
420 1848 539 1886 fluidus
560 1848 683 1899 liquor.
710 1854 751 1885 In
772 1846 960 1897 crystallino
972 1845 1074 1881 habe-

244 1909 294 1933 ret
316 1912 416 1935 ocum
439 1897 623 1934 similitudo
644 1895 770 1934 Valesci
781 1897 940 1940 dicentis,
953 1893 1075 1930 humo-

243 1959 313 1982 rem
334 1946 470 1984 dilatare
482 1946 660 1996 pupillam,
681 1945 762 1982 sicut
783 1959 869 1995 genu
879 1943 1012 1993 ampliat
1021 1942 1076 1978 fo—

245 2008 356 2032 ramen
379 1996 491 2044 caligae
512 1996 668 2045 diruptae,
694 1998 829 2045 quando
848 1992 1075 2042 complicatur.

284 2044 417 2079 Deinde
428 2045 445 2079 a
456 2044 594 2079 siccitate
606 2047 685 2080 oriri
694 2043 922 2080 dilatationem
934 2040 987 2079 vel
997 2054 1078 2078 con-

250 2091 450 2128 striffionem
463 2092 610 2141 pupillae,
623 2092 721 2141 longe
741 2092 851 2128 minus
871 2090 972 2128 simile
982 2102 1076 2126 vero.

247 2141 445 2176 Siccescente
454 2144 541 2176 enirn
552 2139 640 2176 oculi
651 2140 756 2188 globo
766 2155 833 2176 non
842 2139 949 2177 solum
968 2137 1081 2175 sicces-

248 2201 299 2225 cet
311 2195 344 2225 &
357 2189 507 2225 concidet
521 2202 616 2234 uvea,
626 2187 679 2225 sed
689 2188 831 2225 siccescet
844 2202 948 2238 quoq;
960 2194 993 2223 δι
1003 2199 1079 2223 cor-

249 2238 421 2286 rugabitur
432 2252 561 2280 cornea3
581 2238 668 2274 unde
688 2240 835 2273 caecitas:
856 2248 954 2285 atque
967 2240 993 2271 is
1004 2235 1079 2271 affe-

249 2287 319 2322 &us
329 2288 372 2322 est
384 2287 472 2323 oculi
484 2286 645 2335 atrophia,
656 2300 722 2321 non
735 2285 866 2335 pupillae
878 2284 1076 2320 constrictio.

303 2338 459 2385 Denique
470 2338 486 2372 a
499 2334 754 2384 percussionibus
764 2335 876 2384 potii‘is
885 2333 1079 2369 dilaceratur

249 2383 391 2434 pupilla,
417 2386 521 2434 quam
541 2383 708 2421 dilatatur.
731 2386 808 2419 Hoc
834 2394 942 2418 tamen
962 2394 1078 2418 verum

252 2433 308 2479 est,
321 2433 367 2469 ob
379 2433 647 2470 dilacerationem
673 2431 764 2468 illam
774 2432 896 2468 ducere
903 2434 1032 2475 rimam,
1043 2443 1079 2465 ac

253 2481 296 2517 sic
315 2481 568 2531 quodammodo
591 2486 693 2529 magis
714 2492 846 2529 patere;
871 2493 970 2529 quam
990 2478 1080 2515 sisub

251 2530 445 2567 dilatatione
457 2529 539 2566 velis
563 2529 851 2579 comprehendere,
862 2542 929 2565 non
941 2527 1079 2576 amplius

250 2577 357 2625 litigo.
382 2585 469 2616 Item
488 2578 618 2628 possunt
648 2578 1080 2627 obpercuffionemcontur—

256 2626 366 2662 bari&
379 2631 498 2677 impuri
521 2627 591 2663 fieri
605 2627 759 2664 humores
771 2654 783 2671 ,
797 2627 838 2662 ad
850 2640 934 2675 quos
943 2625 1019 2662 dein
1030 2625 1078 2662 se-

254 2677 368 2724 quitur
389 2676 520 2725 pupillae
541 2676 733 2725 ampliatio,
749 2678 797 2711 uti
809 2675 1026 2724 postdicetur.

305 2727 409 2761 Porro
423 2728 541 2773 opinor
551 2751 562 2770 ,
584 2737 619 2761 ut
653 2723 812 2760 lurimum
829 2724 869 2760 ab
882 2736 959 2760 ortu
967 2723 1080 2758 homi-

257 2785 312 2807 nes
333 2786 384 2807 eas
394 2773 529 2809 nancisci
549 2740 745 2824 pupiliarum
756 2773 897 2821 figuras,
916 2786 973 2808 nec
983 2771 1078 2807 facile

255 2820 296 2856 ab
318 2831 448 2856 externa
470 2821 558 2857 causa
572 2849 584 2867 ‚
617 2823 670 2859 vel
692 2826 817 2858 interna
839 2822 916 2858 dein
936 2819 1078 2870 adipisci.

256 2868 423 2917 Q9dc'1ue
444 2872 566 2916 priores
592 2872 746 2908 Medicos
756 2871 797 2907 acl
807 2873 1008 2906 contrarium
1019 2870 1080 2905 ad-

254 2917 424 2954 serendum
437 2916 601 2964 impulerit
616 2945 627 2963 ,
639 2920 702 2955 hoc
710 2920 769 2955 esse
779 2930 876 2968 .puto;
888 2922 966 2968 quia
985 2918 1081 2955 vide-

256 2965 333 3001 licet
351 2966 433 3001 dum
462 2965 502 3000 ad
531 2967 803 3004 consultationem
835 2967 1019 3003 habendam
1038 2966 1080 3002 de

255 3013 433 3051 oculorum
454 3013 672 3049 affeffionibus
707 3022 739 3050 δε
771 3017 933 3051 diminuta
956 3015 1079 3052 visione

256 3065 458 3099 conveniunt
471 3089 480 3106 ,
505 3060 619 3105 oculos
639 3064 715 3110 aegri
728 3064 780 3098 vel
805 3067 837 3098 in
850 3064 926 3099 loco
937 3078 1004 3100 non
1021 3064 1080 3099 ad-

259 3112 399 3147 modum
420 3110 532 3146 lucido
551 3107 720 3158 inspiciunt
734 3136 744 3154 ‚
765 3123 860 3158 atque
874 3114 920 3146 ita
932 3126 1007 3147 eum
1040 3125 1080 3146 u-

256 3159 342 3207 pillae
366 3159 557 3196 dilatatione
579 3157 725 3195 laborare
754 3157 966 3194 concludunt:
980 3174 1019 3195 ve
1043 3162 1079 3194 in

553 184 711 226 VOPJ
757 182 1246 223 FORTVNAT'I
1296 182 1626 221 PL-EMPII

1114 239 1191 279 loco
1203 243 1383 281 admodum
1395 243 1482 280 claro
1495 248 1663 280 intuentur
1676 271 1686 290 ,
1699 257 1734 280 ac
1745 257 1816 282 tum
1825 259 1865 295 pu
1891 247 1936 288 ih

1114 288 1154 325 lae
1166 292 1429 329 constrietionem
1462 305 1554 328 utant
1564 291 1675 328 adesse:
1687 297 1806 330 namin
1817 295 1862 330 ob
1876 309 1935 332 cu—

1115 352 1154 374 ro
1167 338 1244 377 loco
1265 341 1387 391 femper
1404 306 1560 377 dilatatur
1581 340 1716 390 pupilla,
1736 344 1769 378 in
1778 342 1866 381 claro
1877 357 1936 380 an·
1965 359 1975 366 ·

1117 388 1260 435 gustatur
1274 405 1282 426 :
1295 404 1340 426 eae
1350 401 1459 428 tamen
1469 389 1676 426 dilatationes
1689 397 1720 426 &
1731 392 1937 429 constrietio-

1118 449 1172 473 nes
1198 439 1307 474 morbi
1332 453 1371 475 ne
1397 453 1538 489 uaquam
1547 439 1613 475 dici
1623 438 1754 476 debent.
1934 436 1938 441 ’

1165 487 1334 524 Existimo
1355 453 1571 524 nihilominus
1593 485 1771 536 aliquando
1791 489 1862 537 post
1878 493 1938 527 οτ->
1973 530 1975 533 ¹

1116 544 1188 570 tum
1200 539 1324 586 acquiri
1333 536 1419 592 posse
1428 535 1614 572 morbosam
1628 535 1758 584 pupillae
1767 537 1937 576 dilatatio-

1117 596 1191 619 nem
1204 609 1215 629 ,
1235 584 1300 621 hoc
1309 584 1394 621 casu:
1406 585 1429 621 fi
1440 587 1511 634 quis
1528 585 1662 620 diutino
1673 597 1819 633 tempore
1831 587 1938 625 i'nclu-

1116 629 1165 667 sus
1187 633 1326 670 obscuro
1347 646 1472 669 carcere
1490 633 1659 670 delituerit
1678 649 1688 675 3
1708 633 1754 668 i'bi
1764 637 1850 671 enim
1861 635 1937 675 cum

1117 679 1220 716 adsint
1247 694 1408 731 perpetuae
1430 682 1570 718 tenebrae
1580 708 1591 727 ,
1621 681 1744 731 pupilla
1778 688 1938 733 perpetuo

1117 731 1217 777 quam
1228 731 1417 779 amplissime
1432 742 1519 780 patet
1531 757 1541 775 ,
1554 733 1587 766 in
1599 745 1667 780 quo
1681 730 1739 767 situ
1751 736 1796 767 ob
1806 733 1938 769 diutur-

1117 791 1191 813 nam
1202 793 1330 815 moram
1349 780 1521 815 induratur
1535 795 1542 814 :
1568 779 1708 828 denique
1719 805 1729 824 ,
1739 791 1775 815 ut
1785 782 1892 829 postea
1903 785 1937 819 in

1117 824 1240 863 lumine
1261 828 1409 864 contrahi
1430 838 1580 878 nequeat,
1600 828 1858 878 restitutionique
1867 833 1939 867 ine-

1116 886 1171 922 pta
1181 888 1375 924 permaneat.
1405 885 1489 925 Qae
1504 875 1649 925 ipsissima
1661 876 1751 913 causa
1761 878 1817 922 est,
1828 892 1884 914 cur
1893 893 1935 917 ex

1116 926 1275 961 diuturno
1286 938 1411 962 carcere
1429 925 1488 961 sub
1498 927 1591 961 dium
1614 925 1760 961 lucidum
1771 927 1937 974 prodeun-

1117 983 1163 1007 tes
1176 985 1243 1009 tam
1265 974 1349 1022 aegre
1360 973 1463 1011 ferant
1475 972 1584 1009 lumen
1595 989 1605 1015 3
1626 973 1744 1022 amplas
1756 988 1869 1024 nempe
1881 990 1938 1026 pa-

1117 1020 1262 1072 tulasque
1272 1022 1415 1072 ipsorum
1429 1022 1566 1071 pupillas
1575 1025 1670 1057 nimis
1681 1022 1766 1058 ferit.

1165 1069 1294 1119 Scripsit
1307 1075 1363 1107 Ae
1367 1075 1430 1107 tius
1441 1099 1453 1118 ,
1476 1077 1508 1107 ὅ(
1521 1072 1645 1107 Medici
1656 1070 1696 1106 ab
1706 1085 1746 1107 co
1759 1069 1811 1118 alij
1824 1098 1834 1117 ‚
1847 1070 1937 1120 illos,

1118 1123 1174 1168 qui
1186 1121 1298 1156 natura
1319 1123 1430 1169 nigros
1455 1119 1569 1156 oculos
1579 1119 1699 1156 habent
1710 1145 1722 1165 ,
1735 1119 1799 1155 fere
1811 1125 1938 1169 magnis

1117 1167 1174 1204 effe
1185 1168 1441 1218 pupillis,ideoq;
1452 1171 1484 1204 in
1495 1168 1625 1218 pupillae
1637 1167 1861 1205 dilatationem
1872 1183 1938 1218 prae

1117 1217 1252 1268 reliquis
1266 1217 1394 1254 facilius
1407 1218 1559 1254 incidere.
1588 1222 1661 1254 Cui·
1686 1228 1793 1253 autem
1813 1222 1940 1267 magnis

1117 1264 1178 1301 sint
1188 1266 1266 1302 tales
1276 1266 1490 1316 pupillismon
1501 1267 1701 1309 dixerunt;&
1712 1266 1802 1301 certo
1813 1264 1877 1302 scio
1888 1270 1897 1302 i
1900 1281 1940 1317 p-

1118 1313 1167 1350 sos
1178 1314 1325 1362 nescijffe.
1350 1316 1407 1354 Est
1417 1327 1524 1351 autem
1536 1313 1625 1350 causa
1636 1314 1705 1349 haec
1719 1329 1727 1349 ι
1749 1313 1811 1349 lata
1824 1314 1862 1350 fit
1883 1316 1939 1352 vel

1118 1363 1224 1399 stricta
1234 1363 1357 1413 pupilla
1366 1365 1406 1400 ad
1428 1363 1649 1411 recipiendum
1659 1362 1713 1398 vel
1733 1361 1940 1401 excludendi-'1

1120 1415 1224 1448 maius
1234 1415 1345 1448 lumen
1356 1423 1417 1461 pro
1428 1414 1512 1448 reete
1533 1412 1684 1449 obeunda
1707 1409 1840 1447 visione.
1864 1417 1939 1449 Iam

1121 1461 1203 1496 vero
1225 1463 1309 1508 nigri
1330 1462 1418 1495 oculi
1429 1460 1506 1495 cum
1525 1463 1651 1495 ratione
1668 1473 1735 1494 eius
1755 1458 1801 1495 sui
1818 1460 1940 1498 coloris

1120 1510 1220 1543 etiam
1231 1508 1469 1544 obumbremur
1480 1534 1490 1552 ,
1502 1520 1597 1556 egent
1614 1510 1647 1542 in
1658 1511 1698 1542 a'e'
1701 1521 1733 1543 re
1743 1521 1811 1544 nou
1822 1509 1941 1546 admo-

1121 1556 1202 1592 dum
1225 1556 1339 1592 illustri
1359 1555 1537 1605 copiosiore
1547 1556 1669 1591 lumine
1681 1581 1691 1599 ,
1706 1557 1804 1604 quam
1816 1556 1940 1605 glauci,

1123 1605 1243 1653 quibus
1255 1618 1322 1640 non
1331 1605 1369 1641 fit
1379 1615 1467 1641 tanta
1478 1603 1594 1640 umbra
1607 1619 1615 1639 :
1631 1615 1666 1639 ut
1687 1604 1767 1651 ergo
1778 1604 1941 1652 copiosius

1124 1651 1235 1689 lumen
1245 1653 1409 1701 capessant,
1432 1652 1590 1702 pupillam
1600 1651 1746 1688 latescere
1757 1652 1874 1688 necesse
1883 1654 1940 1691 est.

1173 1701 1287 1737 lsthaec
1299 1703 1414 1738 itidem
1424 1700 1514 1736 causa
1523 1701 1579 1745 est,
1591 1714 1647 1735 cur
1669 1703 1813 1749 impuros
1825 1706 1857 1736 &
1869 1713 1943 1738 tur-

1125 1748 1223 1786 bid-os
1243 1751 1397 1787 habentes
1425 1749 1600 1786 oculorum
1618 1748 1785 1793 humores,
1804 1750 1944 1798 pupillas

1126 1802 1261 1849 quoque
1291 1799 1473 1836 latiusculas
1504 1797 1655 1833 habeant.
1696 1802 1757 1834 Per
1788 1796 1944 1836 humores

1127 1861 1267 1898 namque
1288 1849 1365 1885 istos
1383 1848 1545 1884 craffiores
1564 1846 1744 1882 subintrans
1762 1845 1874 1883 lumen
1892 1850 1947 1884 in-

1126 1894 1283 1945 fringitur
1295 1911 1330 1933 ac
1340 1896 1520 1933 debilescit:
1537 1895 1623 1930 unde
1643 1893 1777 1943 copioso
1795 1908 1878 1945 opus
1887 1897 1945 1943 est,

1129 1957 1166 1981 ut
1177 1945 1327 1996 aliqualis
1341 1945 1398 1981 siat
1408 1941 1673 1993 visi03copiosum
1686 1944 1768 1979 ver-o
1777 1941 1882 1981 subire
1889 1959 1949 1981 ne-

1129 1996 1202 2043 quit
1212 1994 1269 2031 nisi
1281 2008 1336 2044 per
1357 1994 1576 2031 diduffiorem
1597 1991 1765 2041 pupillam.
1787 1995 1820 2028 Si
1842 1995 1947 2041 igitur

1130 2042 1288 2092 quispiam
1300 2047 1336 2079 in
1347 2043 1450 2079 altero
1462 2041 1562 2078 oculo
1583 2041 1736 2077 humores
1744 2039 1861 2077 habeat
1881 2044 1948 2078 mi-

1130 2089 1191 2127 nus
1203 2104 1301 2143 atque
1322 2094 1356 2128 in
1377 2092 1481 2128 altero
1500 2089 1656 2139 limpidos
1667 2103 1703 2125 ac
1725 2102 1836 2137 puros,
1857 2091 1947 2127 illius

1130 2140 1262 2177 alterius
1272 2141 1423 2177 latiorem
1433 2139 1604 2190 pupillam,
1613 2140 1715 2222 fluam
1726 2138 1822 2185 hujus
1833 2139 1950 2176 advers

1131 2199 1199 2224 tere
1222 2189 1346 2226 licebit.
1377 2192 1423 2226 Et
1434 2189 1474 2226 ab
1483 2190 1543 2224 hac
1553 2201 1609 2222 cau
1626 2201 1643 2222 a
1653 2198 1735 2236 puto
1755 2186 1949 2237 frequentis-

1131 2236 1208 2273 fime
1228 2238 1457 2274 dilatationem
1486 2235 1617 2286 pupillae
1635 2238 1715 2271 oriri
1739 2251 1749 2278 3
1767 2236 1807 2271 ab
1828 2236 1949 2274 humo-⁴

1131 2287 1220 2320 ribus
1245 2312 1257 2330 ‚
1282 2289 1417 2335 inquam
1428 2311 1440 2329 ‚
1462 2284 1601 2320 turbidis
1617 2308 1628 2327 ,
1657 2288 1690 2319 &
1721 2284 1855 2332 aliquali
1885 2286 1950 2321 ob-

1132 2332 1307 2369 struffione
1341 2336 1433 2369 nervi
1463 2335 1577 2381 optici:
1627 2331 1722 2367 uibus
1742 2331 1950 2380 praesentibus

1132 2380 1209 2417 cum
1220 2383 1389 2418 advertant
1406 2384 1530 2418 Medici
1540 2346 1669 2429 pupillae
1691 2379 1952 2429 ampliationem,

1132 2428 1207 2465 huic
1217 2429 1419 2479 potissimum
1430 2429 1562 2466 visionis
1579 2429 1744 2471 defeffuin
1755 2428 1952 2477 adscribunt,

1133 2476 1208 2514 cum
1220 2480 1355 2515 minime
1377 2479 1452 2515 huic
1462 2506 1473 2525 ,
1494 2477 1547 2514 sed
1572 2477 1637 2513 illis
1654 2476 1692 2513 sit
1713 2477 1950 2516 attribuendus.

1133 2529 1185 2562 Sic
1199 2528 1278 2564 dum
1291 2533 1309 2566 a
1322 2527 1439 2564 validis
1447 2528 1535 2564 oculi
1553 2526 1670 2562 iffibus
1678 2526 1792 2562 dicunt
1804 2529 1952 2564 auftores

1132 2575 1290 2625 pupillam
1301 2577 1390 2613 fuisse
1401 2576 1570 2613 dilatatam
1591 2574 1655 2611 sine
1676 2588 1766 2611 uveae
1788 2578 1954 2623 ruptione,
1983 2621 1987 2624 ι

1132 2626 1167 2661 id
1178 2626 1316 2661 omnino
1328 2626 1576 2661 existimandum
1586 2625 1629 2660 est
1641 2623 1762 2659 factum
1773 2622 1862 2660 fuisse
1872 2638 1954 2674 pro-

1132 2685 1204 2722 pter
1214 2675 1500 2710 conturbationem
1511 2675 1688 2709 humorum
1698 2699 1709 2716 ‚
1739 2677 1770 2706 δέ
1781 2677 1952 2720 opacatio-

1133 2736 1209 2758 nem
1221 2724 1428 2768 eorumdem,
1441 2736 1540 2771 quam
1550 2720 1814 2770 consequitur,ut
1825 2722 1952 2759 dic-tum

1132 2770 1322 2820 est‚pupillae
1336 2772 1485 2807 diductio
1497 2777 1614 2821 ltaque
1623 2783 1690 2805 non
1699 2768 1807 2817 inepte
1821 2772 1951 2807 Auctor

1132 2819 1321 2856 finitionum
1331 2820 1538 2856 Medicarum
1551 2816 1726 2867 mydriasin
1743 2819 1826 2854 dicit
1836 2818 1894 2855 esse
1903 2822 1951 2854 al-

1132 2871 1303 2904 terationem
1322 2869 1429 2915 visoria
1445 2870 1599 2917 facultatis
1618 2867 1744 2902 turbatis
1775 2867 1951 2903 humoribus.-

1133 2923 1343 2966 quuam
1354 2918 1389 2953 id
1401 2916 1606 2954 Mercurialis
1624 2915 1791 2964 explodat.
1811 2920 1852 2951 In
1861 2928 1951 2951 eam-

1132 2966 1207 3001 dem
1219 2965 1407 3002 sententiam
1415 2964 1524 3001 scribit
1535 2970 1712 3002 Avenzoar
1721 2991 1733 3009 ‚
1754 2963 1951 3000 dilatatione·

1132 3013 1274 3062 pupillae,
1285 3014 1308 3051 si
1319 3015 1514 3063 negligatur,
1536 3012 1667 3050 transire
1677 3015 1711 3047 in
1734 3008 1950 3054 suffufionem,

1158 3066 1210 3098 uia
1221 3063 1342 3099 turbidi
1352 3065 1428 3099 faffl
1441 3064 1595 3098 humores
1605 3059 1698 3097 facile
1716 3060 1819 3107 magis
1830 3059 1949 3098 incras-

1131 3077 1248 3153 gutum
1260 3110 1489 3148 undesuffusio.

1229 3163 1283 3196 Ex
1303 3161 1467 3208 praemiffis
1495 3169 1601 3206 patere
1611 3154 1736 3205 potestf,
1756 3159 1857 3207 quain
1867 3155 1947 3241 fals}

1873 3218 1918 3241 im
