1990 3386
342 141 1261 186 OPHTHALMOGR.=LIB.
1321 153 1364 186 v.

36 203 175 251 marina]
193 208 352 242 P'raeterea
371 204 476 241 statim
485 194 676 241 exhibeatur
684 204 858 243 decoctum

36 256 163 306 guajaci
174 280 186 300 ‚
211 260 243 290 &
256 254 334 302 aegri
349 253 550 303 potissimum
560 252 672 289 sudent
682 251 858 290 secundum

38 316 145 354 caput.
156 306 236 338 Haec
248 302 430 339 medicandi
442 304 526 337 ratio
545 302 659 338 efficax
669 301 711 336 est
723 327 732 345 ,
756 301 853 346 bona,

38 359 76 389 ac
95 350 254 402 sequenda
269 377 280 396 ‚
303 362 517 400 praeterquam
547 353 582 393 in
600 350 868 397 administrandis

38 401 180 439 fortibus
193 400 403 436 vacuantibus
414 412 469 448 per
478 397 590 445 nares'y,
609 397 654 434 ob
666 398 789 433 causam
801 412 857 441 an-

38 449 71 486 ἱὲ
82 451 213 485 didam.
227 451 306 483 Haec
316 451 417 497 igitur
427 444 592 497 usurpetur
601 449 635 482 in
647 445 748 482 subita
760 460 795 482 ac
805 461 857 492 re-

39 511 131 534 cente
141 499 361 534 obsti-tetione
376 512 384 532 :
405 495 504 532 altera
514 496 698 538 Perneliana
707 496 858 544 pra-’dicta

41 548 78 584 in
90 548 310 583 obsti-aetione
322 545 525 595 aliquatenus
535 547 723 581 inveterata.

47 604 49 606 ’
91 596 254 632 Referunt
267 595 401 639 Praestici
412 593 556 643 quidam,
569 601 600 630 &
613 604 740 630 narrant
750 591 860 628 obscr-

43 655 195 690 vatores‚
217 643 262 679 ob
289 642 406 679 frontis
424 641 558 678 vulnera
577 644 719 677 caecitate
731 641 859 690 aliquos

43 693 221 741 aliquando
241 691 408 727 liberatos.
430 696 470 727 In
489 690 607 740 quibus
625 689 694 730 sane
706 692 859 727 caecitatis

41 741 166 778 causam
178 738 348 777 verisimile
361 741 404 776 est
413 739 500 775 fuiffe
510 739 776 788 compreffioncm
787 753 861 775 ner-

44 802 165 826 vorum
177 792 363 839 opticorum
378 791 395 824 ὲ
414 791 624 824 conterminis
635 786 714 823 vafis
726 813 737 831 ‚
758 791 860 833 venis,

45 840 192 887 inquam,
208 850 305 887 atque
319 839 440 884 arteriis
449 834 598 884 sanguine
610 836 745 873 tumidis
756 862 767 880 ,
782 850 860 886 quas

44 884 133 922 dicta
145 887 277 923 vulnera
288 885 441 922 nonnihil
450 898 660 931 evacuarunt,
674 885 757 920 unde
769 899 862 920 com-

43 935 200 983 prcffione
211 934 316 971 ablata
327 936 454 971 reddita
475 934 517 969 cst
537 932 629 970 vifio.
652 941 733 982 (ξ)
746 936 862 969 cv'enta

42 983 176 1032 sequens
193 983 371 1032 Spiegelius
392 997 457 1019 non
470 980 532 1018 sine
546 982 654 1019 fructu
668 987 701 1018 in
713 994 807 1030 gutta
816 982 864 1017 sc-

44 1045 121 1067 rena
136 1034 277 1068 mediam
297 1032 416 1068 frontis
444 1045 559 1067 venam
578 1034 768 1079 pertundere
780 1030 865 1066 sole-

46 1079 101 1115 bat
113 1107 123 1125 ‚
143 1080 392 1131 sanguinemque
403 1092 469 1116 tarn
481 1080 539 1125 diu
551 1081 738 1125 evacuabat,
758 1079 863 1116 donec

44 1126 99 1166 sua
110 1129 221 1178 sponte
231 1143 396 1179 erumpere
405 1127 571 1165 deflueret„

94 1181 124 1214 N
132 1191 193 1213 unc
213 1182 393 1226 producam
412 1180 553 1214 remedia
563 1176 689 1224 aliquot
702 1174 814 1211 sele-&a
824 1176 866 1213 ad

45 1225 249 1276 propositum
261 1227 569 1264 affeetum.1²rimum
581 1223 625 1261 est
633 1227 747 1262 vinum
760 1225 867 1261 eufra-

0 1296 3 1299 ·
46 1274 184 1319 flatum,
207 1277 300 1324 quod
311 1279 345 1311 in
359 1275 443 1312 visus
456 1274 649 1310 obscuritate
669 1275 685 1309 ὲ
702 1277 792 1309 nervi
805 1287 866 1324 op-

49 1325 107 1359 tici
117 1323 338 1361 obstructione
348 1337 421 1360 nata
433 1324 528 1361 valde
538 1321 677 1366 confert,
688 1320 710 1356 fi
720 1326 753 1358 in
776 1327 866 1371 prin-

47 1374 136 1421 cipio
151 1373 264 1408 mensae
279 1392 291 1418 5
309 1373 362 1409 vel
373 1388 466 1409 mane
475 1371 643 1409 stomacho
655 1371 764 1416 jejuno
776 1372 867 1407 biba-

46 1431 113 1456 tur.
129 1426 260 1456 Paratur
271 1421 404 1457 eufrasia
415 1421 492 1458 ficca
503 1419 606 1456 infusa
616 1446 626 1463 ‚
638 1419 747 1454 addita
760 1421 866 1455 radice

47 1473 82 1505 &
95 1468 213 1505 semine
222 1470 383 1514 loeniculi3
393 1484 428 1505 ac
440 1468 574 1504 modico
586 1468 785 1502 cinamomo.
800 1467 865 1502 Vel

48 1520 96 1554 R.
113 1518 202 1554 Rad.
213 1519 301 1554 enul.
312 1531 456 1564 campan.
471 1519 505 1550 in
516 1513 650 1549 taleolas
661 1511 749 1548 seetae
763 1519 794 1549 δε
807 1527 867 1552 ex..

49 1564 169 1601 ficcatae
190 1578 264 1601 unc.
289 1577 302 1598 1
312 1576 339 1600 1.
356 1562 467 1600 eustas.
488 1564 607 1609 manip.
625 1573 652 1596 1.
665 1559 740 1596 sem.
753 1561 865 1599 foenic.;

43 1611 122 1650 sem.
136 1612 219 1649 siler.
228 1625 375 1649 montan.
387 1625 445 1647 ana
456 1613 595 1647 unciam.
609 1611 870 1647 Contund.cras-

47 1659 179 1697 siuscule
191 1674 203 1707 ⁷,
223 1667 255 1698 &
269 1663 381 1697 omnia
391 1663 425 1696 in
434 1673 536 1696 unum
546 1658 600 1696 vel
609 1658 716 1707 plures
727 1658 872 1695 nodulos

48 1710 186 1746 immiffa
194 1709 423 1759 suspendantur
443 1712 477 1745 in
489 1712 591 1753 vin05
614 1713 646 1743 δε
669 1717 869 1743 macerentur

48 1769 107 1809 per
118 1757 271 1795 mensem.
281 1761 413 1795 Dantur
422 1759 494 1810 duae
507 1759 608 1793 unciae
623 1769 726 1792 inane.

54 1810 56 1812 ’
100 1811 199 1857 Aqua
220 1811 323 1846 aciem
345 1807 520 1855 oculorum
531 1818 644 1842 acuens
653 1831 663 1849 ,
673 1807 872 1853 ⁴caecitatem-

49 1855 115 1906 *que
129 1859 163 1891 in
173 1855 299 1892 senibus
310 1854 517 1906 incipientem
527 1854 717 1905 prohibens,
732 1855 870 1892 R.Rad.

53 1907 249 1951 Valerianae‚
258 1905 361 1942 enulae
372 1919 554 1954 campanae5
567 1902 716 1940 foeniculi
729 1916 787 1939 ana
812 1917 873 1940 un-

50 1962 151 1990 ciam:
173 1954 266 1991 herb.
286 1954 452 1991 chelidon.
473 1952 587 1989 eufras.
608 1965 666 1988 ana
690 1955 809 2002 manip.
824 1965 870 1990 11.

52 2001 198 2039 betonic.
219 2002 327 2052 puleg.
350 2017 408 2040 ana
427 2004 546 2051 manip.
570 2014 598 2038 1.
611 2000 687 2037 sem}
710 2000 873 2047 foeniculi,

51 2049 128 2088 scm.
148 2050 232 2087 siler.
252 2065 398 2089 montan.
421 2065 480 2087 ana
499 2050 646 2087 drachm.
669 2061 725 2086 vl.
745 2051 868 2087 baccar.'

52 2099 190 2150 juniper.
204 2099 412 2147 semunciam,
432 2098 506 2136 flor.
526 2097 675 2148 caprifol.
697 2097 794 2135 rosar.
806 2099 871 2136 alb.

53 2161 113 2184 ana
123 2149 239 2198 pugill.
257 2161 304 2184 11.
317 2150 455 2186 stechad.
467 2147 719 2193 salviae‚anthos,
730 2146 872 2184 sambuc.

52 2197 213 2234 calendul.
238 2197 439 2234 sclioenanth.
465 2211 523 2233 ana
545 2196 660 2245 pugili.
691 2208 718 2231 1.
743 2198 867 2244 zingib.

52 2251 154 2296 piper.
168 2247 259 2295 long.
281 2247 431 2283 cubebar.
456 2248 654 2282 cardamom.
678 2259 736 2293 ana
754 2244 875 2294 sesqui-

52 2295 199 2330 drachm.
217 2294 443 2330 Pulverisanda
453 2292 688 2343 pulverisentur
702 2318 712 2336 ‚
735 2305 875 2329 contun-

52 2343 430 2383 dendacontundantur3
452 2349 485 2377 &
505 2340 608 2377 infusa
629 2344 662 2375 in
682 2340 869 2388 hydromel.

53 2393 109 2428 vel
121 2390 253 2426 malvat.
268 2390 322 2425 vel
338 2392 409 2425 vini
430 2391 581 2426 Canarici
592 2388 650 2424 lib.·
665 2401 677 2422 1
687 2397 736 2424 11.
747 2401 874 2436 ponan-

54 2451 108 2477 tur
121 2441 162 2474 ad
183 2442 292 2488 igntm
311 2437 435 2474 lentum
457 2437 512 2474 vel
533 2435 644 2473 Solem
663 2450 718 2486 per
731 2448 874 2486 quatuor

55 2502 109 2524 aut
120 2486 171 2523 sex
183 2493 249 2523 dies
265 2503 273 2523 ε
294 2488 371 2523 dein
380 2489 600 2536 exprimantur
620 2485 749 2521 fortiter
759 2486 873 2533 praelo:

56 2538 260 2586 Exprcssioni
272 2536 353 2571 adde
364 2550 454 2586 aquae
463 2534 568 2584 peculi
583 2534 677 2570 rosar.
690 2533 805 2569 eufras.
817 2548 877 2570 ana

55 2587 115 2622 liu.
133 2598 181 2621 ii.
191 2599 281 2634 aquae
295 2584 454 2626 foeniculi,
465 2583 631 2620 chelidon.
644 2597 701 2618 ana
711 2580 873 2630 sesquilib.'

60 2635 174 2672 Misce.
197 2635 304 2670 Datur
326 2636 418 2668 uncia
429 2644 521 2669 mane
533 2632 642 2680 jejuno
651 2629 873 2671 stomacho,&

58 2697 120 2720 una
132 2695 228 2731 atque
239 2682 338 2718 altera
347 2693 442 2733 gutta
456 2685 489 2717 in
503 2681 637 2718 oculum
649 2680 758 2716 datur.

119 2736 195 2767 Alia.
222 2735 267 2769 R.
294 2735 422 2768 Baccar.
443 2731 578 2780 juniper.
597 2742 674 2765 unc.
706 2742 717 2763 1
727 2742 755 2765 1.
775 2728 875 2765 caffiae

58 2780 138 2828 lign.
151 2783 290 2825 unciam,
302 2780 379 2818 scm.
399 2779 481 2816 filer.
495 2790 642 2815 montan.
656 2776 805 2814 foeniculi
815 2790 874 2813 ana

56 2829 196 2865 semunc.
207 2829 284 2864 sem.
307 2841 387 2865 rutae
409 2828 556 2865 drachm.
580 2839 612 2861 11
623 2839 649 2864 1»
661 2826 789 2875 specier.
805 2826 877 2861 dia-

59 2877 182 2915 mosch.
207 2876 295 2913 dulc.
316 2891 390 2916 unc.
413 2877 568 2914 moschat.
592 2876 672 2924 lign.
698 2875 784 2911 aloes
817 2888 876 2909 ana

58 2926 204 2962 drachm.
224 2936 235 2958 1
244 2937 271 2961 Ι.
285 2924 346 2962 fol.
369 2925 484 2962 eufras.
496 2925 656 2969 verbenae‚
676 2936 755 2960 rutae
766 2950 778 2968 ‚
788 2922 876 2959 sum-

60 2976 132 3011 mit.
146 2972 305 3010 rorismar.
322 2973 440 3019 salviae,
453 2974 560 3023 puleg.
578 2973 694 3009 anthos
707 3000 718 3017 ‚
727 2970 875 3009 foeniculi

59 3036 117 3059 ana
127 3022 379 3071 sesquidrachm.‘
390 3022 464 3059 flor.
484 3022 651 3058 chelidon.
673 3021 814 3057 betonic.
827 3019 876 3054 la-

59 3072 161 3107 vend.
171 3070 268 3108 rosc-r.
281 3071 370 3108 rubr.
383 3071 501 3108 anthos
515 3084 572 3108 ana
582 3069 770 3109 drachmam
786 3081 875 3121 qma}

1659 166 1727 199 229

904 219 1052 242 cerentur
1062 209 1096 242 in
1108 210 1176 243 vini
1189 207 1456 246 malvatic.lib.v¹
1465 223 1532 259 ,per
1541 214 1724 252 octiduum:

905 254 1012 303 postea
1026 258 1059 291 in
1072 258 1141 292 Bal.
1166 261 1216 293 M.
1231 257 1435 295 distillen'tur.
1457 263 1563 295 Datur
1583 277 1674 298 mane
1688 271 1722 299 δι’

905 302 1026 351 vesperi
1038 304 1078 339 ab
1088 303 1246 340 semuncia
1258 307 1297 341 ad
1306 310 1432 343 unciam
1447 307 1722 358 &sesquiunciam.

955 351 1024 388 Etfi
1035 354 1068 387 in
1078 353 1141 388 hoc
1153 353 1263 388 affeetu
1275 367 1404 390 externa
1416 356 1519 392 oculis
1532 359 1662 393 admota
1673 363 1725 394 ni·-

907 398 1018 441 hilaut
1029 414 1142 449 parum
1149 402 1281 449 possint‚
1294 415 1328 442 ut
1341 405 1547 441 antedictum
1557 408 1612 452 cst,
1624 421 1725 443 unum

908 459 1016 500 tamen
1027 463 1176 499 propono
1188 452 1302 499 ‚quod
1318 453 1461 489 Forestus
1474 453 1566 490 valde
1581 455 1726 500 extollit,

909 496 1027 547 alijque
1038 499 1172 547 quidam
1185 498 1580 542 coristntiunt3desunitum
1592 518 1633 539 cx
1645 503 1727 552 pisce

909 547 1053 594 quodam
1065 572 1075 591 ‚
1087 547 1263 597 qui-Belgis
1273 548 1392 584 dicitur
1404 556 1533 601 Αερνψ,
1545 552 1635 587 Italis
1650 561 1730 588 Don-

909 600 974 630 nola
994 623 1005 639 ‚
1025 598 1293 644 Lugdunenlibus
1324 605 1396 632 Lota
1418 625 1428 643 ‚
1463 601 1728 637 Gebennenfibus

911 647 1025 679 Motella
1036 671 1046 688 ‚
1069 647 1192 680 Latinis
1216 645 1359 694 Mustella3
1378 647 1488 696 vestc'lue
1509 648 1598 696 piscis
1610 650 1735 695 mollis,

911 691 1007 728 valde
1019 693 1151 729 limosus
1163 719 1174 738 ,
1185 693 1454 742 subuigriusculus
1465 723 1475 740 ‚
1489 698 1735 745 aliquantulum

914 739 1010 777 latior
1020 742 1174 790 anguilla.
1188 742 1293 788 Hujus
1305 745 1496 792 iectu-‚quod
1511 745 1604 781 valde
1618 745 1729 782 albuin

913 789 957 824 est
968 804 1003 824 ac
1015 794 1131 838 pingue
1143 818 1152 833 ‚
1164 793 1280 838 tegula:
1294 791 1443 840 alligatur
1454 794 1574 841 cyatho
1584 793 1728 840 subit-&0

914 838 967 872 vel
977 843 1065 875 vitro
1076 854 1108 873 in
1119 839 1193 874 Sole
1205 866 1216 884 ,
1230 851 1264 875 ut
1277 841 1316 875 al>
1328 855 1367 875 co
1379 843 1544 888 pinguedo
1558 842 1623 878 olei
1636 843 1730 877 instar

914 886 1062 923 destillet.
1082 888 1143 923 Vel
1154 902 1240 933 Jecur
1250 888 1367 936 tegulae
1380 888 1438 924 iilo
1450 889 1614 938 alligatur,
1625 894 1732 926 vitro-

914 934 978 983 ‘er
989 938 1092 984 capaci
1104 938 1282 983 imponitur
1299 953 1307 978 3
1331 944 1362 973 ὃι
1385 936 1474 985 supra
1496 940 1558 974 lioc
1579 939 1666 975 aliud
1681 941 1735 975 vi·-

915 994 1001 1019 trum
1014 988 1115 1033 magis
1135 998 1232 1033 capax
1245 986 1338 1021 instar
1349 987 1446 1033 galea:
1467 985 1518 1022 seu
1530 988 1669 1036 capitelli
1681 986 1733 1023 su-

915 1036 1105 1080 perponitur
1117 1060 1128 1077 ,
1141 1047 1175 1067 ac
1186 1034 1253 1069 Soli
1267 1037 1453 1082 exponitur.
1478 1039 1559 1072 Exit
1573 1049 1680 1072 autem
1691 1036 1734 1071 li-
1777 1033 1780 1034 ⁷

917 1094 1002 1128 quor
1017 1082 1107 1117 albus
1120 1088 1150 1117 ἃ
1164 1082 1349 1118 clariss‘imus
1360 1109 1369 1127 ,
1381 1085 1420 1118 acl
1435 1086 1572 1120 modum
1585 1085 1649 1121 olei
1661 1088 1733 1134 puri

917 1129 1121 1172 destillantis3
1134 1134 1189 1179 qui
1203 1131 1269 1166 usui
1284 1130 1473 1168 reservetur.
1485 1129 1561 1168 Hoc
1575 1133 1702 1182 liquore
1713 1133 1736 1170 fi

916 1177 991 1212 cilia
1011 1178 1140 1214 tantum
1160 1182 1356 1227 inungantur
1369 1207 1379 1224 ,
1401 1180 1550 1228 lacrymae
1572 1183 1612 1217 ab
1633 1182 1739 1217 oculis

917 1228 1052 1262 exibunt
1064 1242 1073 1268 3
1093 1233 1124 1262 &
1138 1230 1176 1272 is7
1187 1232 1244 1277 qui
1256 1227 1358 1264 visum
1369 1228 1541 1265 obscurum
1554 1232 1738 1266 tenebrico-

915 1273 1049 1324 sumtiue
1061 1276 1170 1321 habet,
1191 1279 1299 1326 inquit
1310 1275 1466 1323 forestus'j
1486 1279 1633 1316 miraculi
1644 1279 1739 1315 instar

917 1321 995 1359 ilico
1007 1324 1151 1360 lucidum
1163 1330 1195 1359 &
1208 1325 1404 1361 luminosum
1417 1328 1627 1375 recuperabit:
1640 1329 1744 1363 dicit-

919 1370 982 1420 ·c‘lue
995 1375 1028 1406 in
1044 1373 1156 1408 multis
1168 1373 1197 1409 se
1210 1385 1389 1422 expertum.
1404 1380 1548 1423 Oportet
1559 1389 1665 1412 autem
1676 1379 1740 1412 mi-

920 1422 1006 1455 nime
1019 1421 1104 1456 hunc
1115 1422 1278 1472 liquorem
1290 1425 1323 1457 in
1335 1421 1468 1458 oculum
1481 1424 1609 1469 stillare,
1622 1423 1740 1463 verum

918 1466 991 1503 satis
1002 1469 1058 1514 est,
1069 1469 1090 1505 si
1105 1471 1178 1506 cilia
1189 1477 1220 1507 8<
1233 1471 1392 1520 palpebrae
1406 1486 1446 1507 eo
1459 1474 1667 1521 inungantur.

971 1520 1152 1554 Coronidis
1162 1519 1237 1555 loco
1248 1533 1390 1570 quaerere
1400 1521 1436 1556 hi
1441 1534 1457 1555 c
1468 1521 1560 1567 libet,
1573 1525 1741 1568 expediatne

921 1563 1095 1620 'ablationem
1107 1572 1248 1604 oculorum
1258 1571 1454 1613 quotidianam
1459 1570 1523 1615 ficri
1539 1573 1631 1606 calida
1642 1586 1679 1608 an
1685 1576 1743 1622 fri-

918 1612 1002 1653 gtda.
1015 1615 1096 1647 Sunt
1105 1618 1192 1651 enim
1203 1616 1335 1653 diversae
1347 1622 1378 1651 &
1391 1621 1561 1654 contrariae
1580 1620 1621 1656 de
1635 1621 1695 1659 hac
1708 1637 1743 1658 re

921 1656 1124 1696 summorum
1145 1664 1354 1698 Medicorum
1374 1668 1592 1703 auctoritates.
1612 1671 1744 1720 Hippo-

922 1718 1022 1742 crates
1037 1709 1256 1746 lzb.dehum1d‚
1274 1711 1325 1757 usu
1346 1711 1485 1747 calidam
1506 1713 1620 1750 scribit
1639 1719 1745 1755 oculis'

921 1759 1107 1793 convenire.
1122 1759 1222 1806 Apud
1233 1757 1375 1794 Plinium
1387 1762 1488 1807 reperi
1500 1772 1623 1797 veteres
1633 1768 1744 1802 existi-

923 1804 1014 1853 masse
1022 1804 1158 1851 salubre,
1168 1806 1295 1856 fingulo
1307 1821 1399 1843 mane
1410 1807 1525 1845 oculos
1534 1810 1642 1857 gelida
1653 1813 1746 1851 lava-

922 1863 967 1897 re.
990 1855 1035 1889 Et
1059 1858 1179 1891 Aetius
1200 1858 1234 1891 in
1254 1854 1421 1904 propofito
1449 1856 1560 1893 affectu
1592 1864 1745 1909 quotidie

923 1901 1137 1948 proluen'dam
1149 1905 1229 1940 dicit
1242 1905 1356 1941 faciem
1368 1906 1450 1954 aqua
1461 1906 1580 1954 frigida
1592 1935 1602 1952 ,
1614 1910 1745 1957 praeser-

923 1951 984 2001 tim
996 1951 1143 2000 pluviali.
1157 1953 1269 1990 Mesue
1279 1955 1378 1989 etiam
1387 1954 1502 1990 oculos
1513 1955 1631 2003 frigida
1643 1958 1744 1997 lavari

923 2004 1025 2044 jubet.
1050 2005 1141 2037 Inter
1152 2005 1345 2038 recentiores
1355 2002 1555 2040 ‘doctissimus
1566 2008 1744 2044 Manardus

925 2060 1059 2097 quoque
1072 2050 1185 2087 oculos
1198 2052 1326 2087 cuidam
1337 2051 1458 2098 frigida
1468 2053 1580 2100 potius
1591 2054 1745 2103 inspersa,

924 2099 1024 2144 quarn
1045 2112 1100 2147 per
1120 2104 1233 2136 manus
1252 2100 1385 2135 admota
1407 2098 1534 2147 singulo
1546 2097 1679 2151 quoque
1688 2105 1744 2141 die

924 2145 1053 2182 abluere
1065 2147 1213 2185 consulit.
1226 2147 1371 2185 Galenus
1391 2149 1442 2182 lab.
1464 2161 1498 2195 4.
1513 2151 1546 2182 de
1559 2151 1653 2195 fimpl.
1668 2157 1743 2190 med.

920 2193 981 2240 sac.
994 2206 1054 2241 cap.
1068 2202 1098 2232 24
1122 2197 1226 2233 oculis
1246 2197 1402 2243 frigidum
1416 2197 1554 2233 mordax
1566 2198 1622 2234 csse
1633 2199 1744 2237 docet.

924 2244 970 2276 Et
982 2245 1143 2280 Fabritius
1164 2245 1325 2281 Hildanus
1337 2246 1421 2279 inter
1431 2248 1611 2283 neotericos
1624 2260 1695 2285 cent.
1712 2249 1743 2287 ιζ

924 2290 1013 2338 obser.
1028 2306 1082 2338 27.
1097 2305 1140 2326 ex
1154 2293 1281 2328 lotione
1291 2306 1382 2341 aquae
1395 2291 1523 2341 frigidae
1544 2295 1649 2331 nobili
1669 2301 1742 2333 cui-

923 2338 999 2373 dam
1009 2339 1220 2377 debilitatum
1238 2347 1269 2378 &
1283 2340 1490 2378 obscuratum
1508 2342 1612 2380 visum
1634 2345 1746 2382 existi-

924 2398 1003 2422 mat.
1025 2389 1101 2436 Ego
1122 2391 1157 2424 in
1177 2390 1241 2426 hoc
1260 2390 1370 2438 litigio
1393 2388 1449 2425 etfi
1460 2391 1587 2427 videam
1598 2396 1746 2441 potiores

924 2446 992 2469 non
1005 2437 1209 2482 numero,sed
1220 2440 1363 2488 pondere
1374 2438 1429 2474 effe
1440 2448 1555 2474 eorum
1567 2453 1683 2489 parte5‚
1710 2445 1745 2479 ui

923 2481 1052 2531 frigidae
1063 2484 1224 2523 lotionem
1235 2488 1423 2537 reprobant,
1437 2501 1504 2522 non
1513 2500 1622 2525 tamen
1632 2457 1745 2527 censeo)

923 2532 969 2566 ita
979 2531 1063 2568 hisce
1072 2535 1290 2574 accedendum
1301 2563 1312 2582 ‚
1337 2548 1372 2571 ut
1386 2535 1478 2584 plan&
1491 2537 1573 2573 nihil
1585 2540 1745 2576 conceda-

925 2590 978 2615 tur
990 2581 1071 2628 alijs,
1082 2583 1136 2619 secl
1149 2583 1281 2634 sapienti
1292 2585 1518 2621 moderatione
1531 2586 1673 2637 utrisque
1683 2588 1745 2624 ali-

925 2630 1006 2676 quid
1018 2633 1281 2679 impertiendum.
1308 2637 1353 2669 Et
1374 2633 1510 2682 quidem
1530 2635 1644 2672 oculos
1657 2637 1747 2674 ulce-

923 2676 1014 2714 ribus
1025 2682 1078 2715 vel
1087 2679 1369 2729 suppurationibus
1391 2693 1445 2717 aut
1464 2680 1559 2718 fim'ili
1571 2684 1683 2721 affectu
1694 2686 1744 2722 la-

925 2722 1075 2763 borantes
1085 2730 1223 2767 calidam
1233 2729 1414 2780 postulare:
1427 2733 1461 2766 in
1472 2744 1540 2780 quo
1549 2732 1637 2769 sensu
1648 2734 1741 2770 vide-

924 2783 978 2828 tur
986 2789 1026 2811 eo
1038 2777 1103 2813 loci
1111 2779 1303 2816 intellexisse
1314 2782 1544 2828 Hippocrates:
1554 2780 1744 2819 Inflamma-

926 2831 968 2857 tis
980 2834 1087 2861 tamen
1108 2826 1221 2872 ijsdem
1240 2831 1275 2865 in
1294 2830 1454 2877 principio
1475 2827 1740 2865 inflammationis

923 2871 1008 2919 poffe
1017 2899 1029 2918 ‚
1049 2873 1119 2910 imo
1131 2876 1249 2913 debere
1258 2876 1410 2925 applicari
1418 2876 1570 2925 frigidam
1590 2890 1600 2916 3
1622 2877 1657 2910 in
1678 2881 1743 2919 cle--¹

923 2919 1098 2958 clinatione
1109 2923 1257 2963 calidam.
1282 2928 1356 2974 Q
1372 2925 1461 2963 oculi
1483 2926 1662 2959 tunicarum
1684 2926 1740 2961 vel.

924 2968 1104 3007 humorum
1116 2974 1250 3011 craffitie
1270 2974 1453 3010 afficiuntur
1463 2996 1474 3014 ‚
1493 2969 1631 3008 calidam
1641 2975 1740 3010 etiam

923 3019 1206 3070 expetere3frigida
1216 3025 1302 3059 enim
1312 3021 1418 3059 densat
1429 3023 1460 3054 &
1473 3018 1614 3054 incrassat
1623 3024 1738 3069 magis..

923 3068 1067 3118 {alioqui
1088 3068 1242 3120 frigidam
1254 3082 1389 3107 autumo
1401 3065 1505 3102 oculis
1517 3065 1747 3112 salubriorem,·

1353 3115 1438 3164 Ff³
1685 3115 1747 3166 αὖ]
