1990 3386
0 2884 8 2975 l

0 3301 9 3386 uv-wv
0 3260 9 3293 r·-
0 3178 5 3254 -q

106 200 107 203 ,
353 160 1291 206 ΟΡΗΤΗΑΕΜΟΟΚζὶῙΒζῙῙΣ

38 225 192 273 ςκαηῶηι,
210 226 332 272 qualitas
352 226 516 274 consequens
533 235 629 261 manet
645 226 755 271 quidem
767 227 824 261 aii·
876 226 963 262 scere
982 230 1019 264 in
1051 231 1210 278 conjugio
1239 231 1376 268 alterius
1403 231 1555 270 flammae.
1578 237 1618 272 td

39 275 184 323 quamdiu,
191 275 239 322 sed
247 286 302 309 non
318 274 437 320 semper:
442 274 518 320 ficut
531 284 613 320 pater
624 278 653 309 in
664 273 739 319 aqud
750 277 825 309 cale-

34 322 128 370 fastai,
140 335 194 366 qua
205 324 275 357 redit
286 324 410 369 adsuam
420 333 568 358 naturam.
590 324 645 357 Sed
654 325 826 358 illuminatio

40 383 94 419 nqn
99 373 132 419 fii
134 382 184 416 per
194 375 291 416 aliun
308 372 575 417 transmutationem
585 375 706 406 materia
720 371 828 417 adsuf-

41 431 188 466 ceptionem
194 421 290 467 forma
297 419 595 467 stibstantialu‚1itfiat
605 420 680 465 quafi
689 421 828 454 inchoatio

41 472 137 512 aliqua
142 467 342 516 sormandeoq}
352 475 444 503 lumen
453 480 506 502 non
515 468 704 514 reinauec‚nifi
715 469 751 502 ad
757 478 830 513 pra·

36 517 158 564 finitam
168 520 290 562 agentis.
311 522 399 565 Lege
414 515 540 554 ibidem
551 521 749 553 Comment.
760 521 790 552 C
797 531 830 555 a·

40 564 153 610 jetani.
175 569 255 601 Haec
283 563 465 601 secundum
495 577 707 601 communem
731 571 763 601 &
783 577 833 599 re-

40 615 252 661 ceptissimam
264 612 622 650 haetenussententiam
642 614 724 649 bene
733 613 762 648 se
775 612 834 647 ha-

42 662 133 698 bent.
149 667 194 698 At
215 674 302 698 nunc
312 661 442 710 pridem
453 660 834 709 ostenditspongialucis

40 709 95 751 seu
113 710 386 759 lapisluminaris
406 712 438 743 in
460 722 542 756 agro
562 709 764 746 Bononiensi
784 723 834 746 re·

44 772 155 807 pertus
167 761 276 795 lumen
289 757 372 807 posse
381 757 546 806 superesse,
557 763 690 795 remoto
718 760 834 795 lucido

43 821 192 857 corpore.
213 810 279 844 Hic
293 809 374 855 lapis
386 807 457 843 Soli
468 805 647 855 expostum,
666 808 719 843 vel
731 808 771 843 ad
784 820 837 843 ar-

43 857 177 895 dentem
187 855 356 891 candelam
378 855 533 893 detentus
553 856 665 892 lumen
685 856 837 899 imbibit,

43 908 74 941 &
95 906 154 941 diu
175 903 211 939 id
240 904 344 953 ipsum
366 908 519 940 continet
539 907 574 938 in
594 903 753 941 tenebris.
785 905 838 939 De

41 966 84 994 eo
102 957 172 1001 agit
189 952 332 989 Carolus
343 956 513 989 Antonius
524 951 703 997 Manfiuus,
723 952 840 988 Philo-

41 1002 163 1051 sophus
183 1001 413 1042 Bononiensis,
434 1002 521 1047 apud
534 1004 679 1039 Marium
690 1006 839 1038 Bettium

42 1052 261 1100 Apiariorum
277 1054 455 1088 Amftorcm
466 1054 503 1086 in
514 1057 627 1094 Aptarto
650 1062 698 1086 ιι.
717 1056 747 1086 &
768 1051 840 1087 fuse

46 1101 232 1135 Kircherus
251 1100 301 1134 lib.
323 1101 356 1132 de
375 1105 506 1143 Magnet.
526 1108 593 1143 pag.
623 1101 699 1146 53¹·
724 1101 761 1138 ὼ
778 1100 839 1147 seq.

44 1161 81 1183 ac
92 1161 151 1183 nos
171 1147 313 1196 denique
326 1146 631 1195 inproblematibus
644 1150 712 1184 hic.

93 1200 254 1246 Septima,
274 1195 360 1243 de
376 1208 462 1230 unum
482 1200 574 1230 lumen
601 1200 686 1231 altari
714 1208 769 1230 non
790 1197 842 1230 ab-

38 1245 131 1292 fistat.
157 1250 241 1282 S'unt
269 1248 358 1281 enim
385 1243 514 1281 lumina
545 1244 690 1291 ejusdem
721 1246 839 1295 speciei

47 1306 146 1342 atque
187 1294 324 1331 essentiae
346 1317 356 1332 ,
380 1291 491 1331 solum
529 1294 686 1340 gradibus
730 1300 840 1332 inten-

46 1342 145 1380 sionis
166 1349 197 1379 &
219 1342 416 1379 remissionis
436 1342 718 1391 differentia:quae
729 1353 842 1379 autem

47 1392 127 1428 talia
146 1389 234 1435 sunt,
248 1404 317 1426 non
328 1400 511 1439 repugnant
523 1388 583 1427 sibi
604 1394 762 1429 invicem,
783 1390 840 1427 sed

48 1440 153 1481 amica
175 1432 333 1475 societate
356 1439 562 1485 coadjuvant
584 1439 700 1488 potius
719 1438 783 1476 sese
806 1447 838 1476 δε

48 1487 271 1525 corroborant
286 1504 296 1531 3
314 1485 350 1522 id
372 1487 468 1535 quod
490 1490 524 1522 in
547 1486 729 1525 luminibus
740 1487 841 1536 aplu-

46 1536 138 1572 ribus
158 1535 286 1572 facibus
307 1534 531 1584 pendentibus
557 1550 626 1572 non
648 1535 787 1574 obscure
800 1537 843 1573 li-

47 1596 98 1622 cet
108 1585 294 1622 advertere.
307 1589 422 1621 Vnum
440 1585 483 1621 est
505 1584 643 1630 alicuius
662 1590 842 1631 momenti,

45 1636 140 1682 quod
172 1632 329 1671 adversus
356 1633 441 1668 hanc
477 1632 683 1672 assertionem
714 1647 842 1683 opponi

44 1683 166 1731 possit:
198 1682 312 1718 lumen
342 1685 452 1718 minus
484 1680 633 1719 offuscari
665 1684 684 1717 ὲ
709 1684 843 1731 majori5

45 1734 159 1780 itaque
183 1734 255 1778 pati
287 1730 328 1765 ab
361 1729 444 1767 illo:
464 1740 501 1766 at
524 1729 605 1767 verd
628 1743 697 1768 non
717 1734 843 1781 patitur

45 1781 232 1828 quidquam
258 1779 317 1816 nisi
338 1780 356 1814 ὲ
374 1790 604 1828 repugnante,
636 1790 736 1829 atque
755 1780 843 1817 obsi-

47 1828 149 1865 stente
166 1826 238 1863 fibi.
261 1830 330 1865 Cui
356 1840 554 1876 argumento
574 1832 621 1864 ita
640 1828 775 1866 striffim
796 1828 845 1866 sa-

0 1891 1 1894 *
46 1876 217 1915 tisfaetum
238 1877 334 1913 volo:
354 1877 442 1912 nihil
459 1878 529 1922 pati
559 1875 674 1914 lumen
705 1880 843 1915 minusa

46 1925 196 1970 majore,
228 1923 298 1961 im&
322 1925 438 1974 potius
461 1925 708 1963 neceffitudinis
728 1926 845 1963 fimili-

46 1975 166 2010 tudine
189 1976 220 2008 &
243 1977 484 2010 communione
511 1974 553 2008 ab
570 1976 693 2011 eodem
715 1978 842 2023 augeri.

47 2022 158 2071 Qd
178 2020 260 2057 ver&
282 2035 351 2057 non
371 2020 589 2069 persentiatur
610 2024 845 2060 minuslumen

47 2069 205 2115 praesente
225 2069 365 2114 majore,
383 2071 419 2106 id
446 2071 532 2110 fieri,
551 2073 630 2119 quia
650 2085 720 2107 non
741 2073 846 2109 afficit

45 2117 227 2155 sensorium
249 2121 266 2154 a
287 2117 403 2163 majori
422 2116 549 2157 lumine
568 2131 782 2168 occupatum:
804 2135 846 2157 eo

47 2164 182 2215 prorsus
204 2167 311 2208 modo
326 2191 337 2206 ,
356 2179 426 2214 quo
458 2166 580 2214 species
604 2169 725 2205 viridis
751 2169 768 2204 ὲ
793 2173 847 2205 vi-

47 2225 104 2251 tro
116 2216 221 2252 viridi
241 2228 298 2261 per
321 2213 433 2250 lumen
445 2215 580 2258 casada,
590 2229 690 2265 atque
703 2217 845 2264 impaeta

46 2265 83 2304 in
109 2266 268 2311 parietem
294 2264 452 2309 viridem,
479 2275 549 2299 non
568 2265 808 2303 internoscitur
826 2267 846 2302 a

46 2314 180 2360 parietis
198 2310 342 2358 ejusdem
363 2313 495 2354 virore;
514 2325 632 2361 nempe
662 2314 747 2350 nihil
768 2313 846 2349 illu-

47 2361 139 2396 strius
160 2359 214 2398 vel
232 2373 359 2405 novum
393 2359 472 2395 huic
496 2358 742 2408 superadditur.
776 2365 849 2398 Ga·

50 2407 142 2445 lenus
163 2419 274 2444 tamen
297 2408 405 2445 noster
425 2409 569 2446 omnin&
590 2410 675 2445 seri&
696 2410 771 2448 vult
796 2410 849 2446 lu-

50 2470 127 2494 men
138 2461 249 2494 minus
261 2460 278 2494 ὲ
290 2456 413 2503 majore
425 2459 557 2506 parilib.
573 2469 623 2495 10.
649 2460 682 2492 de
702 2459 749 2505 off.
768 2469 847 2504 part.

48 2516 111 2551 cap.
133 2518 163 2550 3.
184 2505 227 2542 fic
244 2509 332 2542 enirn
353 2509 476 2554 inquit:
497 2509 530 2540 Si
557 2507 723 2556 ellychnium
734 2511 850 2550 ardens,

48 2565 101 2589 aut
118 2558 208 2590 aliam
231 2557 392 2600 quampiam
406 2554 558 2598 flammam
576 2568 605 2588 m
627 2558 690 2590 Sole
708 2559 848 2591 luculento

0 2622 2 2637 ,·
49 2602 234 2649 constitueris,
252 2615 345 2636 rernes
363 2614 426 2636 eam
433 2613 560 2647 protinus
577 2603 850 2650 marcescere,atque

51 2652 167 2696 etiamst
179 2649 262 2698 prope}
272 2652 429 2696 quamlibet
433 2652 584 2696 flammam
603 2664 739 2698 magnam
748 2653 851 2701 ellych-

53 2701 132 2737 nium
149 2700 287 2746 posueris,
312 2703 356 2735 rel
374 2703 463 2734 aliam
483 2706 609 2744 quamvis
623 2702 774 2747 flammam
792 2704 853 2735 mi.-

53 2758 160 2793 norem,
178 2746 287 2793 repent}
309 2758 507 2794 extinguetur:
529 2748 593 2784 crim
612 2752 685 2794 quod
703 2762 793 2784 minus
805 2752 853 2784 lu-

53 2805 117 2829 men
138 2793 188 2841 est,
206 2795 225 2829 2
245 2799 350 2830 maiore
369 2807 501 2832 vincatur
514 2797 622 2843 semper
642 2810 675 2832 ac
694 2799 849 2843 dissipetur.

53 2842 267 2880 Hofmannus
286 2851 445 2881 Comment.
466 2849 507 2891 in.
526 2847 600 2880 hunc
629 2849 741 2891 locum,
760 2847 852 2883 idem

55 2890 266 2929 observabile
285 2892 421 2940 prodit,
445 2891 468 2928 si
490 2897 563 2942 quis
584 2895 696 2931 lumen
720 2895 761 2930 ab
783 2894 852 2931 alio

54 2939 180 2977 lumine
210 2939 339 2979 sumere
365 2939 460 2976 velit.
495 2945 530 2979 Si
551 2946 641 2978 enim
660 2943 693 2978 id
711 2968 722 2986 ,
745 2943 762 2978 ὲ
784 2956 853 2989 quo

53 2987 181 3025 sumere
211 2987 284 3026 vult
298 3014 309 3033 ,
330 2988 368 3024 fit
379 2986 454 3024 satis
477 2990 620 3038 insigne,
646 2991 809 3039 praecipue
830 2989 854 3026 fi

53 3034 234 3080 scintillet,
263 3035 310 3071 ob
354 3036 500 3075 alimenti
535 3040 691 3087 copiam,
712 3039 854 3076 alterum

56 3085 266 3139 extinguitur
274 3084 395 3128 statim,
408 3085 466 3125 nisi
474 3087 551 3124 satis
564 3086 628 3124 alte
641 3086 722 3125 finus
740 3100 856 3125 excre-

1622 250 1676 273 em

879 274 1017 320 accidit,
1036 276 1141 326 siquis
1151 291 1193 314 ex
1226 278 1488 318 focoluculento
1500 294 1610 332 petere
1621 299 1680 319 ve-

881 323 935 359 lit:
956 328 1118 376 quamdiu
1136 329 1224 362 enim
1249 327 1419 366 tantillum
1442 330 1506 376 est,
1528 345 1594 366 non
1617 346 1680 380 po-

882 383 930 407 tes
963 375 1089 407 auterre
1119 379 1260 420 vivum,
1288 380 1366 425 quia
1396 379 1554 416 videlicet
1576 380 1679 426 majus

882 419 995 456 lumen
1010 423 1121 468 perdit
1142 427 1262 459 minus.
1272 429 1352 461 Haec
1363 429 1500 474 quidem
1511 430 1596 476 apud
1609 429 1686 465 lim-

883 468 961 517 plex
974 468 1092 518 vulgus
1115 477 1143 506 &
1167 471 1332 520 pullatum
1354 474 1514 511 circulum
1537 476 1680 526 aliqu-arn

887 517 1198 566 haberentspeciem
1218 520 1476 569 probabilitatis,
1499 524 1551 560 sed
1565 539 1681 562 emun-

886 567 985 602 &riori
1006 567 1200 603 hominibus
1221 567 1356 615 'judicio
1382 584 1498 618 parum
1519 574 1677 611 videntur

888 614 956 648 dici
987 614 1255 663 philosopliicffis.
1280 622 1415 654 Etenim
1436 621 1529 668 qutid
1551 623 1685 659 flamma

888 664 998 698 minor
1019 665 1105 710 apud
1128 665 1286 711 majorem
1316 668 1491 704 marcescat
1521 675 1551 704 δι
1573 676 1689 708 extin-

889 722 1023 758 guatur,
1047 713 1125 748 inde
1147 716 1212 754 est,
1237 714 1328 762 qubd
1351 720 1457 763 major
1479 717 1534 752 illa
1555 719 1686 756 flamm-2

892 762 1033 795 minoris
1062 761 1220 807 pabulum
1256 763 1500 813 depopuletur,
1531 767 1594 803 line
1617 783 1687 817 quo

893 807 962 842 h-aec
975 821 1088 856 nequit
1113 809 1293 847 consistere:
1321 827 1386 848 non
1398 814 1492 863 qudd
1505 829 1566 850 una
1576 817 1687 858 alteri,

894 855 947 894 vel
965 855 1076 892 lumen
1091 860 1187 894 unius
1207 860 1690 909 alteriusluminiadversetur3

892 902 967 940 sunt
986 909 1074 941 enim
1098 907 1242 952 ejusdem
1262 908 1420 957 specificae
1441 925 1579 957 natur-tr,
1601 918 1691 950 inter

893 954 965 999 ‘quae
979 957 1098 992 nonest
1118 956 1279 992 naturalis
1305 958 1503 1008 dispatheia.
1519 961 1621 1010 Qdd
1635 977 1694 998 ve-

893 1000 933 1035 ῐό
945 1006 1104 1049 exiguum
1119 1005 1263 1041 candelae
1288 1007 1399 1043 lumen
1412 1008 1529 1057 insigni
1547 1011 1694 1056 ignislu-

896 1053 978 1086 mini
997 1052 1174 1089 admotum
1197 1056 1393 1101 perimatur,
1416 1056 1467 1098 fit,
1478 1060 1556 1106 quia
1567 1060 1691 1108 exigui

896 1103 928 1137 δέ
961 1100 1111 1148 qualibet
1142 1105 1284 1139 nostrate
1313 1101 1448 1140 flamma
1479 1111 1693 1143 continenter

895 1146 1264 1198 fumidae‚atqueigneae
1282 1152 1504 1190 substantiolae
1524 1154 1703 1200 exhalant,

895 1208 967 1243 quae
999 1196 1122 1234 sursum
1149 1199 1303 1237 feruntur
1327 1204 1553 1250 rapidissime:
1584 1203 1635 1239 hae
1659 1208 1695 1240 in

896 1245 1039 1298 candelae
1060 1247 1226 1284 flammam
1249 1249 1387 1300 appulsa}
1402 1279 1412 1296 ,
1429 1250 1500 1287 fiea
1512 1266 1578 1288 non
1588 1256 1697 1300 egerit

895 1304 931 1346 in
952 1292 1031 1328 sebo
1051 1299 1192 1342 radices,
1212 1296 1319 1333 secum
1341 1298 1442 1347 ipsam
1479 1302 1630 1338 efferunt.
1653 1302 1697 1346 Id

895 1352 943 1375 ita
963 1340 994 1375 se
1015 1341 1148 1388 habere,
1172 1347 1388 1384 certissimum
1410 1360 1643 1395 argumentum
1653 1351 1699 1387 est

897 1387 976 1424 hoc.
989 1390 1025 1425 Si
1039 1392 1209 1427 candelam
1220 1392 1309 1430 secus
1321 1400 1432 1443 ignem
1452 1396 1614 1444 statueris,
1626 1413 1697 1435 non

896 1440 1118 1485 extinguitur,
1145 1439 1204 1477 nisi
1225 1441 1379 1479 absumto
1403 1457 1460 1491 per
1481 1457 1609 1493 tempus
1628 1447 1698 1494 ejus

897 1486 1035 1535 pabulo:
1054 1485 1075 1522 si
1095 1502 1207 1527 autem
1227 1490 1321 1540 supra
1342 1506 1453 1540 ignem
1474 1494 1624 1529 eamdem
1649 1507 1700 1530 te-

897 1537 1019 1576 nueris.
1041 1536 1213 1575 confestim
1224 1544 1440 1590 extinguitur
1449 1540 1489 1577 ab
1500 1542 1595 1576 elatis
1608 1543 1701 1590 igni-

897 1583 995 1630 culis,
1014 1599 1084 1621 non
1103 1587 1200 1623 aliter
1224 1590 1325 1638 quarn
1346 1589 1367 1626 fi
1394 1590 1435 1625 ab
1448 1589 1581 1626 afflante
1593 1603 1699 1627 vento

897 1630 1098 1670 auferretur.
1118 1639 1189 1670 Stat
1211 1639 1329 1685 igitur,
1350 1636 1462 1674 lumen
1484 1651 1587 1674 unum
1600 1639 1701 1675 alteri

898 1681 1038 1718 minime
1061 1687 1240 1722 inimicum
1265 1687 1322 1722 ess'e
1345 1699 1402 1734 per
1424 1686 1467 1722 se:
1495 1699 1703 1734 quamquam

898 1741 1001 1765 unum
1016 1731 1056 1767 ab
1067 1731 1174 1770 altero
1183 1747 1241 1783 per
1253 1735 1404 1771 accidens
1416 1737 1451 1772 in
1463 1735 1561 1772 dietis
1574 1734 1700 1772 casibus

897 1790 1107 1826 pernecetur.

943 1831 1086 1868 oetava,
1098 1828 1186 1878 de
1194 1833 1280 1876 plura
1300 1833 1410 1867 lumina
1421 1834 1449 1865 in
1457 1831 1599 1878 perspicuo
1610 1832 1704 1866 eodem

891 1873 1022 1921 firsoepta
1027 1880 1250 1925 permisceantur
1257 1893 1291 1915 ac
1300 1881 1629 1928 confundanturJ-Iujus
1640 1894 1706 1929 po-

899 1921 1031 1961 fitionis
1040 1939 1221 1964 acerrimus
1230 1930 1448 1979 impugnator
1459 1931 1502 1965 est
1515 1928 1706 1976 Aguiloni·

899 1984 950 2007 us:
972 1986 1176 2023 quapropter
1195 1978 1347 2026 duplexa
1361 1976 1460 2013 nobis
1489 1977 1547 2012 hic
1560 1977 1705 2014 locanda

899 2033 1012 2068 opera,
1034 2033 1107 2059 tum
1127 2024 1327 2073 positionem
1349 2026 1492 2062 nostram
1505 2027 1707 2073 muniendo,

898 2078 971 2103 tum
981 2070 1137 2108 adversus
1147 2075 1298 2114 eamdem
1311 2076 1470 2111 exstrueta
1481 2074 1521 2109 ab
1532 2074 1603 2122 ipso
1616 2073 1704 2110 valla

901 2117 1135 2156 demoliendo.
1148 2122 1257 2169 Qd
1268 2124 1311 2160 ad
1332 2124 1478 2173 primurn
1490 2123 1708 2165 attinet‚nul-

900 2165 941 2202 lis
960 2167 1086 2214 possum
1106 2169 1144 2205 id
1176 2171 1358 2208 ruderibus
1386 2172 1533 2218 praestare
1558 2169 1709 2213 firmius,

899 2217 1002 2262 quam
1010 2228 1083 2264 quae
1095 2212 1234 2266 ipsemet
1245 2220 1346 2256 hostis
1367 2223 1454 2256 mi'ni'
1461 2218 1702 2268 suppeditavit.

900 2263 1098 2310 Lib05.prop.
1124 2268 1505 2316 21.inquit‚?1pluribus
1534 2266 1709 2304 luminari-

901 2311 1009 2350 busin
1019 2313 1135 2350 eadem
1147 2328 1239 2362 parte
1248 2316 1349 2362 medij
1358 2315 1487 2353 intendi
1499 2316 1704 2352 lumenztum

903 2373 1014 2396 autem
1026 2375 1130 2398 unum
1140 2363 1182 2399 ab
1194 2363 1302 2401 altero
1322 2365 1526 2405 intenditur,
1549 2374 1585 2399 ut
1597 2365 1709 2410 postea

900 2406 1028 2450 subdit,
1053 2411 1130 2447 cum
1156 2412 1227 2449 duo
1255 2416 1290 2448 in
1301 2415 1453 2450 eamdem
1463 2410 1707 2460 partemsubje-

902 2459 948 2493 <Sti
958 2456 1054 2494 simul
1064 2459 1302 2499 confluxerint.
1316 2468 1401 2498 Peto
1412 2463 1530 2508 igitur.
1548 2461 1629 2508 quid
1643 2459 1709 2495 ali-

903 2507 950 2543 ud
960 2505 999 2543 fit
1011 2505 1066 2544 vel
1081 2512 1272 2557 permisceri
1293 2510 1349 2546 vel
1372 2508 1549 2548 confundi,
1560 2510 1709 2557 quamin

903 2555 1057 2592 eamdem
1075 2569 1202 2604 partem
1222 2557 1358 2602 subjeffl
1370 2556 1466 2593 simul
1476 2557 1656 2601 confluere,
1666 2570 1707 2594 ut

903 2614 1009 2641 unum
1018 2602 1115 2641 fiant}
1130 2606 1213 2642 Sane
1225 2605 1335 2642 multo
1346 2604 1459 2643 verius
1469 2619 1507 2640 ea
1516 2606 1602 2642 mihi
1612 2607 1712 2643 vide-

904 2661 961 2687 tur
984 2654 1124 2690 dicenda
1146 2653 1316 2701 permistio
1337 2667 1374 2690 ac
1406 2652 1582 2696 confusio,
1604 2653 1710 2702 quam

905 2702 981 2737 vini
1012 2708 1044 2738 &
1066 2713 1160 2749 aquae
1179 2704 1460 2751 concorporatio.
1478 2703 1532 2736 Sed
1546 2727 1559 2746 ,
1580 2704 1706 2751 inquit,

904 2752 1015 2784 Iumina
1044 2753 1094 2784 illa
1110 2773 1121 2790 ,
1141 2750 1262 2797 servatii
1291 2753 1380 2786 totius
1409 2750 1571 2798 substantia
1593 2754 1706 2784 unitate

905 2810 939 2832 ac
951 2796 1050 2845 formai
1063 2823 1074 2843 ,
1105 2800 1136 2832 in
1157 2810 1243 2833 unum
1262 2800 1441 2843 eumdemque
1470 2801 1560 2833 locum
1580 2801 1713 2834 conveni-

906 2857 981 2881 unt:
1005 2847 1238 2890 quemadmodum
1257 2857 1371 2893 cerpora
1393 2848 1538 2882 beatorum
1555 2846 1709 2893 denftssima

906 2906 1017 2939 quaque
1035 2898 1094 2930 alia
1115 2905 1230 2940 corpora
1249 2897 1396 2941 invadent,
1428 2907 1605 2941 nequaquam
1613 2905 1711 2930 tamen

907 2946 981 2977 inter
989 2944 1020 2989 se
1041 2943 1263 2990 confundemur,
1283 2942 1347 2979 cum
1367 2945 1580 2990 unumquodque
1596 2945 1713 2988 propri-

907 3004 955 3025 am
966 2993 1119 3036 unitatem,
1126 2993 1251 3039 formam
1260 2996 1414 3042 figuram,
1425 2991 1547 3040 totamq}
1555 2995 1712 3037 integrita-

907 3050 965 3074 tem
975 3052 1009 3074 ac
1016 3041 1213 3087 persec'iiomm
1223 3053 1398 3077 retenturum
1414 3040 1522 3085 fitzaut
1530 3040 1601 3085 ficut
1613 3037 1713 3084 diversi

904 3093 1016 3135 generis
1025 3092 1179 3135 qualitates
1190 3092 1219 3126 in
1241 3092 1313 3129 idem
1316 3086 1390 3138 sap?
1397 3087 1525 3137 subiecit?
1532 3090 1714 3170 conveniulnt,

1590 3144 1622 3171 ut
1634 3147 1662 3171 co
1677 3146 1708 3170 or
