1990 3386
368 176 988 222 OPHTHALMOGRI
1033 179 1170 218 [1130
1221 177 1354 217 11'12‘

169 246 248 288 Culi
258 245 409 283 musculis
418 246 532 282 donati
541 243 612 280 sunt
622 270 634 288 ‚
656 244 734 292 quia
744 255 819 277 mo-

1646 194 1684 227 95

872 253 1056 289 competere
1069 243 1244 287 debebant,
1255 256 1321 277 non
1331 253 1439 277 tamen
1450 244 1494 276 ita
1504 245 1688 288 competere

5 253 236 398 Overi
251 310 307 332 eos
323 294 500 344 praestabat.
541 297 656 330 Unum
665 302 774 326 autem
785 293 820 325 in
873 301 1023 339 poterant
1034 316 1045 334 ‚
1069 303 1102 326 ut
1114 290 1191 339 ipsas
1210 290 1304 339 ptrse
1317 291 1481 326 haberent.
1504 287 1687 326 Enimvero

167 344 340 383 movendis
351 342 822 387 oculis‚me0interpretamen-
872 336 1022 387 prorsum
1033 337 1260 387 seuinpartem
1281 351 1494 382 anteriorem5
1517 335 1687 372 &rursum

169 406 228 439 to,
243 393 358 429 habuit
371 391 429 427 fibi
440 402 552 425 natura
565 389 742 437 praefixum
751 386 823 423 sco·
873 387 971 423 seuin
992 398 1116 434 partem
1137 387 1346 436 posteriorem
1367 387 1455 423 oculi
1477 389 1615 434 migrare
1636 398 1694 419 ne&

2 462 98 498 pum,
109 448 234 492 plurium
247 453 340 477 rerum
351 440 508 488 distmstam
518 440 658 484 visionem.
680 435 827 473 Galenus

9 499 59 534 lib.
75 507 125 531 10.
139 496 172 528 de
182 491 229 538 off.
244 501 321 536 part„
334 500 394 534 cap.
416 490 447 523 8.
463 488 537 521 cam
548 489 632 530 ocull,
644 487 763 534 inquit,
776 496 828 517 ne-

0 556 63 592 que
72 556 106 579 ex
114 540 404 589 posterioribus-‚neque
414 548 450 571 ex
458 536 643 584 superiortbus
656 538 700 568 uel
709 535 829 581 inferto-

11 594 98 637 ribus,
108 602 193 636 neque
201 589 280 624 aliud
289 599 306 632 q
313 587 438 632 uidpiam
448 610 459 628 ,
482 584 533 630 nifi
543 585 615 628 quod
620 584 728 629 pupilla
737 580 775 629 est
785 583 831 615 di-

2 640 83 679 τεὶῗὲ
94 639 254 685 oppositum,
265 645 369 681 queant
377 642 486 669 cermre
499 648 508 668 :
527 634 550 679 fi
562 633 717 667 mimobues
723 639 832 676 penitus

15 693 85 726 oculi
97 687 252 734 exmzffent
264 709 275 729 ‚
297 684 368 728 quod
374 682 431 729 fibi
452 694 487 716 ex
506 681 622 727 adverso
642 681 831 727 responderet,

5 740 167 774 ⁴dumtaxat
185 736 309 770 videntes
336 731 502 777 paunsstma
520 730 629 779 prorsus
651 740 830 764 cerneremus.

16 791 58 823 In
80 785 161 821 hanc
177 782 367 818 sententiam
389 790 467 814 eunt
488 805 499 824 ‚
521 790 688 828 quotquot
709 775 834 813 censent

19 841 33 878 (
49 845 191 883 quorum
201 829 284 866 certe
298 828 401 875 major
413 827 457 862 cst
468 841 619 863 numerus
635 831 649 869 )
662 826 836 861 humorem

18 880 238 930 crystallinum
248 877 337 914 oculi
349 877 406 912 effe
418 888 552 924 partem,
566 878 599 911 in
610 876 673 924 qua
685 873 769 926 vilio
779 886 837 909 ex-

18 941 171 967 erceatur.
186 925 356 964 Caeterum
369 927 386 962 a
399 938 479 961 vero
489 924 518 960 se
536 927 581 960 ire
601 924 718 960 devios
750 920 837 957 facili

19 979 115 1028 opera
126 976 203 1013 scire
213 986 364 1026 poterant
375 1000 386 1018 ,
410 975 466 1022 qui
488 986 555 1008 non
566 975 637 1007 sunt
662 970 838 1008 exoculati:

20 1041 87 1063 non
95 1025 204 1062 solum
226 1025 314 1059 enim
335 1036 377 1058 ex
395 1021 549 1057 lateribus
561 1047 572 1065 ‚
591 1019 644 1057 scd
659 1023 757 1056 etiarn
768 1033 840 1069 quae

20 1074 105 1111 ultra
129 1075 229 1110 latera
249 1071 320 1108 sunt
344 1068 561 1106 retroversum
582 1081 716 1104 cernunt
736 1067 838 1112 oculi,

9 1123 92 1174 ,plus
101 1136 215 1170 nempe
225 1122 326 1171 quam
337 1117 506 1155 adversum
517 1116 789 1167 hemisphaerium.
809 1119 844 1153 Si

21 1171 94 1208 Soli
107 1172 260 1206 obvertas
277 1167 380 1212 latus,
403 1168 487 1202 recta
498 1165 770 1215 prospicientibus
781 1168 845 1202 irn—

22 1218 186 1268 motisque
197 1216 302 1254 oculis
314 1221 345 1252 ὃ(
357 1215 468 1251 Solem
480 1214 574 1251 fimul
596 1221 629 1251 &
645 1215 794 1253 umbram
806 1215 847 1251 ab

23 1268 129 1304 altero
148 1267 246 1302 latere
257 1264 433 1313 projectam
456 1265 570 1300 videre
589 1276 693 1313 poteS.
730 1268 782 1299 Ita
808 1277 848 1299 ue

25 1318 218 1365 neutiquam
226 1313 410 1362 paucissima
421 1310 514 1358 sunt,
536 1326 608 1362 quae
629 1314 727 1348 unico
738 1313 775 1348 ad
792 1326 848 1361 pe-

25 1365 81 1400 ἑὶιι
94 1362 213 1400 oculus
223 1364 307 1410 capit
321 1377 328 1396 :
344 1361 413 1397 imo
425 1362 506 1397 vero
517 1374 583 1396 non
593 1363 745 1409 pauciora
756 1373 851 1395 com-

17 1412 196 1462 ‘prehendit
209 1410 344 1459 simplici
365 1408 420 1444 illa
433 1415 465 1445 &
489 1409 556 1445 fixa
578 1408 724 1453 visione,
750 1409 851 1458 quam

28 1458 300 1510 quoquoversum
316 1470 437 1494 motus.
453 1463 689 1495 Verumtamen
700 1471 767 1493 non
778 1469 853 1506 par-

30 1522 72 1545 va
81 1509 126 1544 est
135 1511 220 1545 inter
233 1519 407 1557 utramque
417 1505 576 1542 visionem
583 1506 854 1542 differentiazom-

30 1553 85 1592 nia
97 1560 184 1593 enirn
197 1555 265 1602 illa,
276 1569 348 1609 quae
360 1568 428 1591 non
438 1557 523 1591 refta
535 1554 600 1590 fere
612 1554 769 1604 pupillam
779 1551 856 1590 sub—

31 1607 155 1641 intrant
177 1631 189 1650 ,
216 1605 351 1641 contuse
374 1615 548 1640 cernuntur
576 1618 586 1645 3
633 1617 753 1639 uorum
774 1602 856 1639 vero

31 1653 52 1691 s
67 1657 148 1690 ecies
158 1653 280 1690 direete
293 1655 501 1702 excipiuntur
521 1679 533 1698 ‚
553 1618 795 1702 persentiuntur
805 1652 859 1688 di-

62 1702 158 1738 inste.
187 1701 280 1742 Cum
306 1714 414 1738 autern
433 1700 565 1738 confusa
586 1703 706 1738 notitia
723 1699 859 1736 minime

34 1748 206 1788 satisfaciat
217 1752 327 1786 animo
337 1777 348 1796 ,
368 1749 422 1786 sed
433 1752 552 1786 invitet
562 1748 692 1800 potius,
716 1761 753 1785 ut
768 1748 860 1799 supra

35 1800 236 1844 diximus,ad
246 1799 428 1835 distinetam
436 1801 590 1836 notitiam
600 1799 849 1848 comparandam
853 1814 863 1841 ς

37 1847 164 1885 idcirco
187 1847 412 1884 officiosissima
443 1859 556 1884 natura
576 1847 739 1885 musculos
759 1847 864 1883 oculis

39 1896 195 1933 adnexuit
205 1921 217 1941 ,
244 1909 388 1945 quorum
418 1896 640 1934 musculorum
673 1910 737 1946 ope
764 1897 867 1945 ijdem

41 1947 127 1983 moti
140 1958 181 1981 ex
191 1943 326 1980 adverso
336 1945 431 1980 rebus
442 1946 707 1991 obverterentur,
717 1945 868 1994 adeoque

41 1992 319 2043 perpendiculares
339 1993 516 2042 specierum
537 1995 646 2031 radios
668 1998 867 2044 exciperent.

44 2048 256 2091 Quapropter
269 2056 338 2077 non
354 2054 421 2077 tam
433 2045 590 2079 movendi
602 2055 692 2079 eraut
703 2043 815 2089 oculi,
833 2055 870 2078 ut

40 2090 139 2140 ,plura
150 2093 388 2139 perciperentur
403 2096 415 2133 (
431 2093 522 2140 quod
533 2091 680 2128 Galenus
692 2090 802 2127 voluit
811 2116 822 2133 ,
837 2096 869 2126 &

28 2185 32 2187 ‚
48 2152 116 2183 elus
129 2138 252 2175 fac‘tioli
265 2143 280 2182 )
295 2141 395 2187 quam
408 2152 444 2175 ut
458 2142 697 2188 perciperentur
708 2140 870 2176 distinete.

48 2192 259 2236 quuam
271 2186 294 2222 fi
306 2189 527 2235 benignissime
538 2188 704 2225 Calenum
715 2191 874 2236 interpre-

49 2246 111 2270 tari
123 2235 219 2281 libet,
250 2235 432 2272 distinetam
455 2230 696 2285 perceptionem
708 2236 810 2286 ipsum
822 2239 873 2271 in-

50 2283 203 2320 tellexisse
213 2284 366 2320 contendi
376 2286 490 2332 potest,
501 2286 582 2321 dum
593 2287 701 2335 inquit
716 2312 726 2330 ,
739 2285 822 2321 nihil
832 2299 872 2321 ex

52 2331 205 2373 lateribus
216 2338 248 2368 &
261 2331 406 2381 obliquis
424 2337 510 2370 cerni
521 2332 617 2384 poffe.
632 2337 763 2371 Revera
773 2336 875 2378 enim,

53 2382 147 2430 quod
158 2380 290 2416 confuse
300 2383 462 2427 videmus,
474 2385 533 2418 vix
544 2382 657 2418 videre
669 2396 728 2418 nos
739 2382 877 2418 arbitra-

55 2441 140 2464 mur.
175 2429 442 2465 Demonstratum
473 2433 573 2479 igitur
603 2431 648 2466 est
658 2458 670 2477 ,
703 2431 876 2480 expediens

54 2476 145 2513 fuiffe
157 2479 284 2512 moveri
294 2476 419 2512 oculos.

109 2529 209 2560 Nunc
220 2538 366 2561 eruamus
378 2525 478 2573 porro
490 2550 502 2569 ‚
553 2536 612 2561 uot
637 2526 783 2563 motibus
797 2525 881 2576 ipsos

59 2576 136 2609 cieri
151 2572 248 2608 fuerit
260 2576 351 2609 utile.
391 2576 455 2609 Sex
466 2571 536 2608 sunt
561 2574 824 2619 ocidifferentiae,
840 2576 882 2612 ad

59 2635 141 2671 quas
152 2633 245 2662 natus
257 2623 300 2657 est
312 2621 381 2657 fieri
402 2633 531 2667 motu5‚
552 2626 687 2658 dextrum
698 2650 708 2667 ,
725 2623 882 2670 sinistrum,

56 2670 282 2719 [uprsi‚1nfrk‚
306 2669 396 2716 ante,
416 2670 505 2707 retrit,
533 2670 625 2708 cum
648 2674 680 2706 in
691 2671 823 2720 singulis
834 2672 885 2706 his

63 2722 143 2768 poni
152 2720 246 2768 poffit
256 2720 424 2766 obietPtum
436 2718 573 2766 visibile,
596 2721 637 2756 ad
648 2720 773 2756 easdem
786 2721 886 2755 etiam

65 2767 202 2815 fingulas
211 2767 404 2804 differentias
427 2768 544 2803 oculos
564 2771 714 2805 converti
730 2770 888 2804 necessum

66 2815 130 2860 est,
160 2827 196 2851 ut
220 2817 367 2852 distincta
389 2815 525 2851 obeatur
544 2816 638 2854 visio.
675 2821 731 2853 Ex
743 2816 888 2852 motibus

67 2875 177 2899 autem
187 2865 227 2900 ad
239 2864 294 2900 has
304 2865 455 2901 locorum
478 2863 652 2913 positiones
674 2865 733 2901 sibi
747 2868 890 2901 invicem

67 2910 308 2948 succedentibus
323 2913 487 2960 consurgit
504 2912 585 2949 alius
597 2915 743 2962 quidam,
768 2917 893 2949 moula-

69 2964 105 2994 πᾶα
117 2965 312 2997 nominatus.
352 2962 449 2996 Adeo
473 2973 509 2996 ut
532 2962 595 3007 jam
609 2961 728 3010 septem
740 2961 799 2997 fint
817 2975 894 2997 mo-

75 3019 126 3043 tus
137 3008 264 3058 species,
276 3009 408 3052 scilicet,
421 3010 818 3059 demrorsimz,sinistrorsum,
825 3010 895 3056 sur-

65 3057 145 3106 stim,
156 3057 294 3106 deorsum,
305 3057 446 3104 prorsum,
462 3058 587 3105 rurslm,
601 3066 632 3095 ἃ
646 3063 836 3094 circulariter.
849 3061 895 3094 Et

74 3118 270 3156 quamquam
290 3119 402 3143 ornnes
425 3106 473 3141 hoe
507 3119 615 3144 motus
642 3106 759 3157 species
791 3105 896 3144 oculis

876 435 1026 485 quibant:
1042 437 1190 470 indecens
1211 438 1298 471 enim
1319 436 1490 471 videbatur
1513 441 1543 471 δέ
1566 438 1695 470 incom-

878 484 1014 520 modum
1027 511 1037 528 ‚
1050 483 1164 518 oculos
1176 483 1468 531 lectissimaspartes
1482 482 1582 531 longo
1591 482 1696 530 spatio

882 537 897 574 (
911 545 944 567 ut
958 531 1026 567 ltine
1041 531 1109 566 ficri
1121 532 1270 580 potuillct
1289 536 1404 573 >extra
1419 546 1533 580 corpus
1545 531 1696 572 cfftr1·i;&

880 593 947 615 nou
981 581 1088 615 minu>-
1120 583 1351 615 inconvenieus
1378 602 1388 624 5
1411 583 1493 615 iutra
1517 580 1698 615 thalamum

881 626 972 664 suum
986 627 1181 677 profundius
1193 630 1302 664 condi.
1346 633 1443 664 Nunc
1463 631 1548 663 cuim
1564 629 1699 677 quidem

882 677 916 712 id
927 677 1119 726 impollibilc
1142 679 1183 713 est
1205 678 1249 713 ob
1272 676 1392 712 oileum
1403 676 1535 717 thalami
1557 680 1700 713 obicem:

885 725 1017 775 queruli
1038 725 1238 771 demoliare,
1260 728 1430 762 rcccssione
1452 727 1502 761 lua
1524 723 1703 761 retrorsum

887 788 1004 810 nervos
1016 781 1044 809 t&
1059 775 1198 823 reliquas
1208 774 1330 809 terebri
1350 787 1453 823 partes
1474 777 1703 822 compriment.

887 828 997 871 Qre
1020 834 1129 857 motus
1152 823 1204 858 liic
1225 837 1279 871 per
1300 822 1328 858 sc
1341 823 1443 858 oculis
1464 823 1507 857 cst
1518 821 1706 870 dciiegatim

887 875 978 919 Qst
988 872 1067 906 vcro
1081 883 1147 906 crat
1157 875 1201 907 eis
1213 872 1428 906 conducibilis
1440 871 1540 913 idem,
1562 885 1616 920 pei·
1627 874 1688 907 acci
1698 893 1710 898 ἢ

888 920 965 955 dens
976 920 1134 956 conce-ssus
1145 920 1208 956 fuit
1223 921 1342 968 3idquc
1354 918 1476 968 duplici
1487 922 1624 964 ratione,
1638 932 1710 955 tum

891 969 1043 1005 videlicet
1062 969 1221 1005 beneficio
1234 981 1370 1004 annutus
1384 976 1415 1003 ἃ
1432 980 1559 1004 [ςηιιῑιιε
1588 972 1714 1018 capitit,

892 1029 963 1054 tum
975 1018 1106 1054 acceffus
1117 1024 1148 1053 &
1164 1019 1295 1055 rccess'us
1307 1021 1410 1053 totius
1421 1016 1577 1053 animalis.
1619 1018 1715 1052 Vnde

893 1066 915 1103 si
926 1068 1053 1114 objecta
1064 1071 1224 1117 quaepiam
1237 1065 1449 1116 longinquius
1463 1065 1522 1101 fint
1543 1064 1719 1110 collocata9

893 1118 995 1166 quarn
1007 1129 1043 1153 ut
1055 1115 1194 1164 perfecte
1208 1118 1327 1165 percipi
1341 1117 1470 1160 possint,
1484 1116 1717 1150 admotitarnus

895 1178 990 1215 caput
1005 1182 1014 1203 x
1037 1167 1100 1202 hoc
1130 1166 1151 1202 fi
1163 1179 1277 1214 parum
1288 1161 1393 1200 adliuc
1403 1190 1414 1208 ‚
1441 1164 1622 1198 accedimus
1645 1174 1720 1210 toto

896 1228 1045 1263 corpore.
1083 1215 1243 1250 Similiter
1257 1212 1279 1248 fi
1290 1213 1398 1262 aliqua
1409 1212 1469 1248 sint
1483 1211 1586 1247 oculis
1609 1214 1719 1246 immi—

897 1266 1006 1299 nentia
1016 1266 1121 1301 nimio
1133 1263 1204 1312 plus
1214 1289 1224 1307 ‚
1246 1260 1446 1297 abscedimus
1458 1260 1511 1296 vel
1524 1262 1627 1308 capite
1638 1259 1723 1303 solo7

899 1312 953 1347 vel
963 1315 1061 1348 etiam
1088 1325 1236 1359 corpore.
1262 1314 1377 1359 Atque
1398 1309 1463 1345 hoc
1482 1310 1726 1360 quamquamin

900 1359 1034 1395 homine
1045 1364 1089 1395 ita
1099 1359 1161 1396 sese
1171 1360 1311 1402 habeat,
1333 1357 1404 1393 sunt
1433 1370 1541 1394 tamen
1563 1356 1726 1400 animalia,

901 1421 974 1456 quae
989 1409 1148 1455 emiffitijs
1156 1406 1265 1444 oculis
1276 1419 1390 1442 natura
1401 1408 1543 1450 ornavit,
1562 1419 1645 1454 quos
1655 1419 1730 1440 mo-

900 1457 947 1492 do
961 1459 1177 1506 exporrigunt
1188 1456 1229 1491 ad
1246 1469 1294 1491 res
1321 1454 1447 1499 vifiles,
1470 1456 1573 1490 modo
1595 1456 1629 1488 in
1650 1468 1731 1489 cava

902 1506 1103 1554 receptacula
1115 1516 1263 1554 repetunt
1275 1503 1405 1540 eosdem
1416 1516 1476 1551 pro
1498 1506 1656 1552 appetitu.
1678 1507 1730 1538 Ita

903 1551 1062 1604 nusquam
1072 1552 1332 1591 omnimodailla
1351 1554 1495 1601 genitrix
1517 1554 1557 1588 ad
1586 1552 1734 1587 eamdem

906 1604 1053 1640 amuffim
1065 1606 1100 1639 in
1122 1602 1276 1639 omnibus
1298 1612 1473 1650 operatur,
1495 1600 1549 1637 scd
1572 1603 1666 1636 vario
1677 1598 1735 1635 suo

907 1651 978 1688 lusu
990 1651 1095 1688 eludit
1106 1653 1236 1700 ingenia
1258 1651 1364 1686 nostra
1377 1651 1588 1700 quantumvis
1599 1647 1735 1684 curiosa,

910 1707 1031 1740 Motus
1052 1701 1132 1750 ergo
1156 1697 1306 1749 prorsum
1321 1705 1352 1735 ὃ(
1367 1697 1497 1734 rursum
1508 1698 1612 1734 oculis
1623 1697 1740 1733 nostris

912 1764 980 1787 non
994 1752 1151 1786 convenit
1161 1775 1172 1793 ‚
1184 1748 1242 1785 nifi
1251 1761 1308 1797 per
1320 1748 1466 1784 accidens
1481 1762 1489 1782 ε
1510 1749 1616 1782 caeteri
1628 1757 1739 1782 autem

911 1813 1026 1836 omnes
1039 1813 1094 1848 per
1108 1797 1149 1843 se,
1175 1809 1291 1847 utpote
1303 1797 1422 1846 quibus
1434 1795 1632 1845 exequendis
1643 1795 1742 1830 desti-

914 1852 982 1885 nati
1000 1847 1150 1884 musculi:
1163 1846 1349 1882 attollentes
1359 1847 1466 1880 motui
1475 1842 1611 1888 sursum,
1632 1843 1745 1892 depri-

915 1909 1040 1933 mentes
1066 1898 1174 1933 motui
1193 1892 1349 1931 deorsum
1379 1919 1390 1938 ,
1420 1893 1615 1929 abducentes
1635 1893 1744 1927 motui

915 1944 1146 1991 dextrorsum,
1170 1944 1366 1980 adducentes
1389 1943 1496 1977 motui
1518 1938 1751 1986 finistrcrsum5

918 1995 1050 2044 obliqui
1062 1994 1205 2044 denique
1219 1991 1379 2027 circulari.
1412 1989 1540 2027 Verum
1553 2003 1610 2024 nec
1622 1989 1656 2024 hi
1670 2003 1747 2025 mo·-

918 2055 970 2079 tus
982 2044 1022 2079 ab
1038 2041 1124 2079 hifce
1136 2040 1288 2079 musculis
1305 2052 1361 2089 per
1372 2037 1402 2074 se
1423 2043 1454 2074 ὃ(
1467 2037 1608 2075 solitarie
1620 2038 1748 2087 possunt

920 2092 1060 2140 perfecte
1087 2090 1218 2127 obsolvi
1229 2116 1240 2134 ,
1264 2100 1302 2124 ut
1324 2087 1491 2137 ingeniose
1516 2088 1749 2124 animadvertit

922 2140 1176 2191 Aquapendens.
1185 2140 1320 2174 Etenim
1332 2150 1389 2172 nec
1401 2148 1530 2172 motum
1539 2134 1662 2171 sursum
1672 2149 1749 2170 ver-

921 2188 1004 2234 sum,
1022 2201 1081 2224 nec
1098 2186 1253 2223 deorsum
1273 2185 1401 2222 versum
1420 2184 1460 2220 ad
1481 2183 1667 2233 oppositum
1690 2185 1748 2222 nbi

920 2235 1051 2285 sphaerae
1062 2238 1220 2286 punctum
1231 2236 1397 2270 terminari
1409 2259 1420 2278 ‚
1446 2232 1540 2268 facile
1551 2232 1627 2267 licet
1639 2231 1751 2269 obscr-

923 2288 1014 2322 vanti
1026 2287 1220 2333 comperire:
1247 2283 1339 2332 quod
1350 2281 1456 2331 ipsum
1467 2284 1500 2317 in
1511 2292 1605 2317 motu
1617 2282 1656 2316 ad
1668 2281 1751 2318 dex-

924 2346 1009 2370 tram
1021 2340 1053 2370 &
1065 2332 1220 2369 sinistram
1230 2332 1378 2368 advertas
1391 2330 1483 2380 aeque
1495 2329 1600 2366 facile.
1614 2333 1751 2366 Motum

924 2384 1067 2432 denique
1088 2380 1280 2418 circularem
1299 2379 1476 2416 oculorum
1489 2393 1555 2414 non
1574 2377 1632 2413 esse
1652 2380 1752 2415 etiam

927 2432 1141 2481 undiquaque
1152 2427 1340 2479 persectum,
1352 2429 1432 2464 inde
1448 2427 1547 2463 discas
1561 2453 1571 2471 ‚
1584 2426 1677 2476 quod
1686 2440 1753 2463 non

928 2482 1081 2516 omnium
1091 2489 1245 2515 motuum
1256 2474 1449 2513 successione
1469 2475 1614 2511 confiat:
1641 2486 1752 2511 motus

929 2532 1017 2565 enim
1026 2526 1177 2577 prorsum
1189 2532 1221 2562 &
1234 2524 1361 2561 rursum
1372 2525 1430 2560 hfc
1441 2538 1508 2559 non
1519 2526 1753 2560 interveniunn

932 2583 981 2616 Ut
994 2580 1095 2625 igitur
1109 2576 1176 2611 haec
1188 2586 1340 2610 motuum
1352 2573 1407 2609 vel
1417 2571 1622 2621 imperfestio
1634 2571 1688 2608 vel
1698 2573 1757 2609 de—

931 2626 1033 2662 fe&us
1049 2623 1219 2660 necessario
1233 2625 1359 2657 ratione
1381 2619 1512 2657 fabricae
1534 2623 1675 2670 partium
1695 2621 1760 2657 ob-

933 2677 1068 2710 veniens
1077 2671 1275 2721 suppleretur
1283 2669 1526 2718 prudentiffima
1536 2682 1650 2705 natura
1661 2673 1758 2719 capiti

935 2722 1045 2758 infixit
1064 2721 1180 2756 oculos
1207 2717 1476 2767 quoquoversum
1497 2718 1616 2754 mobili
1637 2745 1648 2764 ‚
1670 2719 1761 2765 cujus

935 2784 998 2819 ope
1022 2768 1154 2816 singulis
1175 2766 1326 2803 locorum
1355 2766 1616 2816 oppositionibus
1647 2769 1763 2803 contra

937 2828 1192 2866 opponerentur.
1214 2818 1307 2866 Qn
1327 2814 1350 2851 fi
1377 2828 1435 2851 nec
1453 2821 1547 2864 caput
1574 2815 1760 2857 satisfaciat,

939 2867 1002 2914 ipse
1024 2866 1170 2914 corporis
1190 2875 1323 2900 truncus
1355 2863 1480 2914 insuper
1502 2866 1593 2900 venit
1610 2868 1643 2900 in
1663 2862 1762 2899 subsi-

939 2917 1044 2950 dium:
1063 2914 1145 2950 adeo
1159 2924 1195 2949 ut
1206 2912 1315 2949 nullus
1325 2911 1364 2950 sit
1376 2925 1500 2958 metm,
1511 2927 1580 2963 quo
1589 2927 1656 2949 non
1669 2911 1763 2946 abso-

941 2962 1096 2998 lutiffime
1108 2961 1196 3009 oculi
1206 2973 1355 3011 agantur.

993 3009 1164 3047 caeterum
1174 3012 1266 3061 quod
1276 3011 1316 3047 ad
1337 3010 1499 3047 musculos
1525 3007 1700 3045 oculorum
1715 3017 1766 3041 at-

943 3061 1040 3103 tinet,
1052 3058 1195 3108 ipsorum
1206 3060 1315 3095 officia
1327 3087 1338 3104 ,
1351 3060 1442 3103 usus,
1469 3064 1501 3093 &
1523 3059 1663 3092 rationes
1682 3055 1766 3090 adeo

944 3107 1041 3144 doct&
1053 3133 1064 3153 ,
1081 3106 1236 3158 sapienter
1250 3134 1261 3153 ‚
1281 3113 1313 3142 &
1325 3107 1437 3144 divine
1449 3107 1584 3155 exponit
1595 3101 1689 3157 nobis
1707 3117 1768 3187 cies—-ss

1266 3158 1304 3191 Μ
1322 3167 1338 3201 3
1601 3163 1736 3202 perienti
